[
    {
        "date": "2020-06-30",
        "symbol": "MSFT",
        "reportedCurrency": "USD",
        "fillingDate": "2020-07-30",
        "acceptedDate": "2020-07-30 20:44:46",
        "period": "FY",
        "revenue": 143015000000,
        "costOfRevenue": 46078000000,
        "grossProfit": 96937000000,
        "grossProfitRatio": 0.6778100199279796,
        "researchAndDevelopmentExpenses": 19269000000,
        "generalAndAdministrativeExpenses": 5111000000,
        "sellingAndMarketingExpenses": 19598000000,
        "otherExpenses": -40000000,
        "operatingExpenses": 43978000000,
        "costAndExpenses": 90056000000,
        "interestExpense": 2591000000,
        "depreciationAndAmortization": 12796000000,
        "ebitda": 65755000000,
        "ebitdaratio": 0.4597769464741461,
        "operatingIncome": 52959000000,
        "operatingIncomeRatio": 0.37030381428521486,
        "totalOtherIncomeExpensesNet": 2668000000,
        "incomeBeforeTax": 53036000000,
        "incomeBeforeTaxRatio": 0.3708422193476209,
        "incomeTaxExpense": 8755000000,
        "netIncome": 44281000000,
        "netIncomeRatio": 0.3096248645247002,
        "eps": 5.82,
        "epsdiluted": 5.76,
        "weightedAverageShsOut": 7610000000,
        "weightedAverageShsOutDil": 7683000000,
        "link": "https://www.sec.gov/Archives/edgar/data/789019/000156459020034944/0001564590-20-034944-index.htm",
        "finalLink": "https://www.sec.gov/Archives/edgar/data/789019/000156459020034944/msft-10k_20200630.htm"
    },
    {
        "date": "2019-06-30",
        "symbol": "MSFT",
        "reportedCurrency": "USD",
        "fillingDate": "2019-08-01",
        "acceptedDate": "2019-08-01 16:09:55",
        "period": "FY",
        "revenue": 125843000000,
        "costOfRevenue": 42910000000,
        "grossProfit": 82933000000,
        "grossProfitRatio": 0.6590195720063889,
        "researchAndDevelopmentExpenses": 16876000000,
        "generalAndAdministrativeExpenses": 4885000000,
        "sellingAndMarketingExpenses": 18213000000,
        "otherExpenses": -57000000,
        "operatingExpenses": 39974000000,
        "costAndExpenses": 82884000000,
        "interestExpense": 2686000000,
        "depreciationAndAmortization": 11682000000,
        "ebitda": 54641000000,
        "ebitdaratio": 0.4341997568398719,
        "operatingIncome": 42959000000,
        "operatingIncomeRatio": 0.3413698020549415,
        "totalOtherIncomeExpensesNet": 3415000000,
        "incomeBeforeTax": 43688000000,
        "incomeBeforeTaxRatio": 0.34716273451840785,
        "incomeTaxExpense": 4448000000,
        "netIncome": 39240000000,
        "netIncomeRatio": 0.3118171054409065,
        "eps": 5.11,
        "epsdiluted": 5.06,
        "weightedAverageShsOut": 7673000000,
        "weightedAverageShsOutDil": 7753000000,
        "link": "https://www.sec.gov/Archives/edgar/data/789019/000156459019027952/0001564590-19-027952-index.htm",
        "finalLink": "https://www.sec.gov/Archives/edgar/data/789019/000156459019027952/msft-10k_20190630.htm"
    },
    {
        "date": "2018-06-30",
        "symbol": "MSFT",
        "reportedCurrency": "USD",
        "fillingDate": "2018-08-03",
        "acceptedDate": "2018-08-03 11:03:33",
        "period": "FY",
        "revenue": 110360000000,
        "costOfRevenue": 38353000000,
        "grossProfit": 72007000000,
        "grossProfitRatio": 0.652473722363175,
        "researchAndDevelopmentExpenses": 14726000000,
        "generalAndAdministrativeExpenses": 4754000000,
        "sellingAndMarketingExpenses": 17469000000,
        "otherExpenses": -59000000,
        "operatingExpenses": 36949000000,
        "costAndExpenses": 75302000000,
        "interestExpense": 2733000000,
        "depreciationAndAmortization": 10261000000,
        "ebitda": 45319000000,
        "ebitdaratio": 0.4106469735411381,
        "operatingIncome": 35058000000,
        "operatingIncomeRatio": 0.3176694454512505,
        "totalOtherIncomeExpensesNet": 4149000000,
        "incomeBeforeTax": 36474000000,
        "incomeBeforeTaxRatio": 0.33050018122508157,
        "incomeTaxExpense": 19903000000,
        "netIncome": 16571000000,
        "netIncomeRatio": 0.1501540413193186,
        "eps": 2.15,
        "epsdiluted": 2.13,
        "weightedAverageShsOut": 7700000000,
        "weightedAverageShsOutDil": 7794000000,
        "link": "https://www.sec.gov/Archives/edgar/data/789019/000156459018019062/0001564590-18-019062-index.htm",
        "finalLink": "https://www.sec.gov/Archives/edgar/data/789019/000156459018019062/msft-10k_20180630.htm"
    },
    {
        "date": "2017-06-30",
        "symbol": "MSFT",
        "reportedCurrency": "USD",
        "fillingDate": "2017-08-02",
        "acceptedDate": "2017-08-02 16:15:01",
        "period": "FY",
        "revenue": 89950000000,
        "costOfRevenue": 34261000000,
        "grossProfit": 55689000000,
        "grossProfitRatio": 0.6191106170094497,
        "researchAndDevelopmentExpenses": 13037000000,
        "generalAndAdministrativeExpenses": 4481000000,
        "sellingAndMarketingExpenses": 15539000000,
        "otherExpenses": -251000000,
        "operatingExpenses": 33057000000,
        "costAndExpenses": 67318000000,
        "interestExpense": 2222000000,
        "depreciationAndAmortization": 8778000000,
        "ebitda": 31410000000,
        "ebitdaratio": 0.34919399666481377,
        "operatingIncome": 22632000000,
        "operatingIncomeRatio": 0.2516064480266815,
        "totalOtherIncomeExpensesNet": 2739000000,
        "incomeBeforeTax": 23149000000,
        "incomeBeforeTaxRatio": 0.25735408560311285,
        "incomeTaxExpense": 1945000000,
        "netIncome": 21204000000,
        "netIncomeRatio": 0.23573096164535853,
        "eps": 2.74,
        "epsdiluted": 2.71,
        "weightedAverageShsOut": 7746000000,
        "weightedAverageShsOutDil": 7832000000,
        "link": "https://www.sec.gov/Archives/edgar/data/789019/000156459017014900/0001564590-17-014900-index.htm",
        "finalLink": "https://www.sec.gov/Archives/edgar/data/789019/000156459017014900/msft-10k_20170630.htm"
    },
    {
        "date": "2016-06-30",
        "symbol": "MSFT",
        "reportedCurrency": "USD",
        "fillingDate": "2016-07-28",
        "acceptedDate": "2016-07-28 16:12:18",
        "period": "FY",
        "revenue": 85320000000,
        "costOfRevenue": 32780000000,
        "grossProfit": 52540000000,
        "grossProfitRatio": 0.6157993436474449,
        "researchAndDevelopmentExpenses": 11988000000,
        "generalAndAdministrativeExpenses": 4563000000,
        "sellingAndMarketingExpenses": 14697000000,
        "otherExpenses": -195000000,
        "operatingExpenses": 31248000000,
        "costAndExpenses": 64028000000,
        "interestExpense": 1243000000,
        "depreciationAndAmortization": 6622000000,
        "ebitda": 27914000000,
        "ebitdaratio": 0.32716830754805437,
        "operatingIncome": 21292000000,
        "operatingIncomeRatio": 0.2495546179090483,
        "totalOtherIncomeExpensesNet": -298000000,
        "incomeBeforeTax": 19751000000,
        "incomeBeforeTaxRatio": 0.2314932020628223,
        "incomeTaxExpense": 2953000000,
        "netIncome": 16798000000,
        "netIncomeRatio": 0.19688232536333802,
        "eps": 2.12,
        "epsdiluted": 2.1,
        "weightedAverageShsOut": 7925000000,
        "weightedAverageShsOutDil": 8013000000,
        "link": "https://www.sec.gov/Archives/edgar/data/789019/000119312516662209/0001193125-16-662209-index.htm",
        "finalLink": "https://www.sec.gov/Archives/edgar/data/789019/000119312516662209/d187868d10k.htm"
    },
    {
        "date": "2015-06-30",
        "symbol": "MSFT",
        "reportedCurrency": "USD",
        "fillingDate": "2015-07-31",
        "acceptedDate": "2015-07-31 15:07:52",
        "period": "FY",
        "revenue": 93580000000,
        "costOfRevenue": 33038000000,
        "grossProfit": 60542000000,
        "grossProfitRatio": 0.646954477452447,
        "researchAndDevelopmentExpenses": 12046000000,
        "generalAndAdministrativeExpenses": 4611000000,
        "sellingAndMarketingExpenses": 15713000000,
        "otherExpenses": -267000000,
        "operatingExpenses": 32370000000,
        "costAndExpenses": 65408000000,
        "interestExpense": 781000000,
        "depreciationAndAmortization": 5957000000,
        "ebitda": 34129000000,
        "ebitdaratio": 0.36470399658046593,
        "operatingIncome": 28172000000,
        "operatingIncomeRatio": 0.3010472323145971,
        "totalOtherIncomeExpensesNet": -8884000000,
        "incomeBeforeTax": 18507000000,
        "incomeBeforeTaxRatio": 0.19776661679846122,
        "incomeTaxExpense": 6314000000,
        "netIncome": 12193000000,
        "netIncomeRatio": 0.13029493481513144,
        "eps": 1.49,
        "epsdiluted": 1.48,
        "weightedAverageShsOut": 8177000000,
        "weightedAverageShsOutDil": 8254000000,
        "link": "https://www.sec.gov/Archives/edgar/data/789019/000119312515272806/0001193125-15-272806-index.htm",
        "finalLink": "https://www.sec.gov/Archives/edgar/data/789019/000119312515272806/d918813d10k.htm"
    },
    {
        "date": "2014-06-30",
        "symbol": "MSFT",
        "reportedCurrency": "USD",
        "fillingDate": "2014-07-31",
        "acceptedDate": "2014-07-31 17:16:52",
        "period": "FY",
        "revenue": 86833000000,
        "costOfRevenue": 26934000000,
        "grossProfit": 59899000000,
        "grossProfitRatio": 0.6898183870187602,
        "researchAndDevelopmentExpenses": 11381000000,
        "generalAndAdministrativeExpenses": 4821000000,
        "sellingAndMarketingExpenses": 15811000000,
        "otherExpenses": -169000000,
        "operatingExpenses": 32013000000,
        "costAndExpenses": 58947000000,
        "interestExpense": 597000000,
        "depreciationAndAmortization": 5212000000,
        "ebitda": 33098000000,
        "ebitdaratio": 0.38116844978291664,
        "operatingIncome": 27886000000,
        "operatingIncomeRatio": 0.321145186737761,
        "totalOtherIncomeExpensesNet": 531000000,
        "incomeBeforeTax": 27820000000,
        "incomeBeforeTaxRatio": 0.3203851070445568,
        "incomeTaxExpense": 5746000000,
        "netIncome": 22074000000,
        "netIncomeRatio": 0.2542121082998399,
        "eps": 2.66,
        "epsdiluted": 2.63,
        "weightedAverageShsOut": 8299000000,
        "weightedAverageShsOutDil": 8399000000,
        "link": "https://www.sec.gov/Archives/edgar/data/789019/000119312514289961/0001193125-14-289961-index.htm",
        "finalLink": "https://www.sec.gov/Archives/edgar/data/789019/000119312514289961/d722626d10k.htm"
    },
    {
        "date": "2013-06-30",
        "symbol": "MSFT",
        "reportedCurrency": "USD",
        "fillingDate": "2013-07-30",
        "acceptedDate": "2013-07-30 16:14:49",
        "period": "FY",
        "revenue": 77849000000,
        "costOfRevenue": 20249000000,
        "grossProfit": 57600000000,
        "grossProfitRatio": 0.7398938971598864,
        "researchAndDevelopmentExpenses": 10411000000,
        "generalAndAdministrativeExpenses": 5149000000,
        "sellingAndMarketingExpenses": 15276000000,
        "otherExpenses": 194000000,
        "operatingExpenses": 30836000000,
        "costAndExpenses": 51085000000,
        "interestExpense": 429000000,
        "depreciationAndAmortization": 3755000000,
        "ebitda": 30519000000,
        "ebitdaratio": 0.39202815707330857,
        "operatingIncome": 26764000000,
        "operatingIncomeRatio": 0.3437937545761667,
        "totalOtherIncomeExpensesNet": 717000000,
        "incomeBeforeTax": 27052000000,
        "incomeBeforeTaxRatio": 0.3474932240619661,
        "incomeTaxExpense": 5189000000,
        "netIncome": 21863000000,
        "netIncomeRatio": 0.2808385464167812,
        "eps": 2.61,
        "epsdiluted": 2.58,
        "weightedAverageShsOut": 8375000000,
        "weightedAverageShsOutDil": 8470000000,
        "link": "https://www.sec.gov/Archives/edgar/data/789019/000119312513310206/0001193125-13-310206-index.htm",
        "finalLink": "https://www.sec.gov/Archives/edgar/data/789019/000119312513310206/d527745d10k.htm"
    },
    {
        "date": "2012-06-30",
        "symbol": "MSFT",
        "reportedCurrency": "USD",
        "fillingDate": "2012-07-26",
        "acceptedDate": "2012-07-26 16:12:48",
        "period": "FY",
        "revenue": 73723000000,
        "costOfRevenue": 17530000000,
        "grossProfit": 56193000000,
        "grossProfitRatio": 0.762218032364391,
        "researchAndDevelopmentExpenses": 9811000000,
        "generalAndAdministrativeExpenses": 4569000000,
        "sellingAndMarketingExpenses": 13857000000,
        "otherExpenses": 1000000.0,
        "operatingExpenses": 28237000000,
        "costAndExpenses": 45767000000,
        "interestExpense": 380000000,
        "depreciationAndAmortization": 2967000000,
        "ebitda": 30923000000,
        "ebitdaratio": 0.41944847605224966,
        "operatingIncome": 27956000000,
        "operatingIncomeRatio": 0.37920323372624554,
        "totalOtherIncomeExpensesNet": -5309000000,
        "incomeBeforeTax": 22267000000,
        "incomeBeforeTaxRatio": 0.30203599962019995,
        "incomeTaxExpense": 5289000000,
        "netIncome": 16978000000,
        "netIncomeRatio": 0.23029448069123612,
        "eps": 2.02,
        "epsdiluted": 2.0,
        "weightedAverageShsOut": 8396000000,
        "weightedAverageShsOutDil": 8506000000,
        "link": "https://www.sec.gov/Archives/edgar/data/789019/000119312512316848/0001193125-12-316848-index.htm",
        "finalLink": "https://www.sec.gov/Archives/edgar/data/789019/000119312512316848/d347676d10k.htm"
    },
    {
        "date": "2011-06-30",
        "symbol": "MSFT",
        "reportedCurrency": "USD",
        "fillingDate": "2011-07-28",
        "acceptedDate": "2011-07-28 14:59:09",
        "period": "FY",
        "revenue": 69943000000,
        "costOfRevenue": 15577000000,
        "grossProfit": 54366000000,
        "grossProfitRatio": 0.777290079064381,
        "researchAndDevelopmentExpenses": 9043000000,
        "generalAndAdministrativeExpenses": 4222000000,
        "sellingAndMarketingExpenses": 13940000000,
        "otherExpenses": 0.0,
        "operatingExpenses": 27205000000,
        "costAndExpenses": 42782000000,
        "interestExpense": 295000000,
        "depreciationAndAmortization": 2766000000,
        "ebitda": 29927000000,
        "ebitdaratio": 0.4278769855453727,
        "operatingIncome": 27161000000,
        "operatingIncomeRatio": 0.38833049769097694,
        "totalOtherIncomeExpensesNet": 305000000,
        "incomeBeforeTax": 28071000000,
        "incomeBeforeTaxRatio": 0.4013410920320833,
        "incomeTaxExpense": 4921000000,
        "netIncome": 23150000000,
        "netIncomeRatio": 0.3309838010951775,
        "eps": 2.73,
        "epsdiluted": 2.69,
        "weightedAverageShsOut": 8490000000,
        "weightedAverageShsOutDil": 8593000000,
        "link": "https://www.sec.gov/Archives/edgar/data/789019/000119312511200680/0001193125-11-200680-index.htm",
        "finalLink": "https://www.sec.gov/Archives/edgar/data/789019/000119312511200680/d10k.htm"
    },
    {
        "date": "2010-06-30",
        "symbol": "MSFT",
        "reportedCurrency": "USD",
        "fillingDate": "2010-07-30",
        "acceptedDate": "2010-07-30 11:30:38",
        "period": "FY",
        "revenue": 62484000000,
        "costOfRevenue": 12395000000,
        "grossProfit": 50089000000,
        "grossProfitRatio": 0.8016292170795724,
        "researchAndDevelopmentExpenses": 8714000000,
        "generalAndAdministrativeExpenses": 4004000000,
        "sellingAndMarketingExpenses": 13214000000,
        "otherExpenses": 14000000,
        "operatingExpenses": 25932000000,
        "costAndExpenses": 38327000000,
        "interestExpense": 151000000,
        "depreciationAndAmortization": 2673000000,
        "ebitda": 26830000000,
        "ebitdaratio": 0.42938992382049807,
        "operatingIncome": 24157000000,
        "operatingIncomeRatio": 0.3866109724089367,
        "totalOtherIncomeExpensesNet": 1007000000,
        "incomeBeforeTax": 25013000000,
        "incomeBeforeTaxRatio": 0.40031047948274756,
        "incomeTaxExpense": 6253000000,
        "netIncome": 18760000000,
        "netIncomeRatio": 0.3002368606363229,
        "eps": 2.13,
        "epsdiluted": 2.1,
        "weightedAverageShsOut": 8813000000,
        "weightedAverageShsOutDil": 8927000000,
        "link": "https://www.sec.gov/Archives/edgar/data/789019/000119312510171791/0001193125-10-171791-index.htm",
        "finalLink": "https://www.sec.gov/Archives/edgar/data/789019/000119312510171791/d10k.htm"
    },
    {
        "date": "2009-06-30",
        "symbol": "MSFT",
        "reportedCurrency": "USD",
        "fillingDate": "2009-07-30",
        "acceptedDate": "2009-07-30 06:05:07",
        "period": "FY",
        "revenue": 58437000000,
        "costOfRevenue": 12155000000,
        "grossProfit": 46282000000,
        "grossProfitRatio": 0.7919982203056283,
        "researchAndDevelopmentExpenses": 9010000000,
        "generalAndAdministrativeExpenses": 4030000000,
        "sellingAndMarketingExpenses": 12879000000,
        "otherExpenses": 0.0,
        "operatingExpenses": 25919000000,
        "costAndExpenses": 38074000000,
        "interestExpense": 0.0,
        "depreciationAndAmortization": 2562000000,
        "ebitda": 22925000000,
        "ebitdaratio": 0.3923028218423259,
        "operatingIncome": 20363000000,
        "operatingIncomeRatio": 0.348460735492924,
        "totalOtherIncomeExpensesNet": -1248000000,
        "incomeBeforeTax": 19821000000,
        "incomeBeforeTaxRatio": 0.3391857898249397,
        "incomeTaxExpense": 5252000000,
        "netIncome": 14569000000,
        "netIncomeRatio": 0.24931122405325393,
        "eps": 1.63,
        "epsdiluted": 1.62,
        "weightedAverageShsOut": 8945000000,
        "weightedAverageShsOutDil": 8996000000,
        "link": "https://www.sec.gov/Archives/edgar/data/789019/000119312509158735/0001193125-09-158735-index.htm",
        "finalLink": "https://www.sec.gov/Archives/edgar/data/789019/000119312509158735/d10k.htm"
    },
    {
        "date": "2008-06-30",
        "symbol": "MSFT",
        "reportedCurrency": "USD",
        "fillingDate": "2008-07-31",
        "acceptedDate": "2008-07-31 17:23:18",
        "period": "FY",
        "revenue": 60420000000,
        "costOfRevenue": 11598000000,
        "grossProfit": 48822000000,
        "grossProfitRatio": 0.808043694141013,
        "researchAndDevelopmentExpenses": 8164000000,
        "generalAndAdministrativeExpenses": 5127000000,
        "sellingAndMarketingExpenses": 13039000000,
        "otherExpenses": 0.0,
        "operatingExpenses": 26330000000,
        "costAndExpenses": 37928000000,
        "interestExpense": 0.0,
        "depreciationAndAmortization": 2056000000,
        "ebitda": 24548000000,
        "ebitdaratio": 0.40628930817610065,
        "operatingIncome": 22492000000,
        "operatingIncomeRatio": 0.37226084078119825,
        "totalOtherIncomeExpensesNet": 434000000,
        "incomeBeforeTax": 23814000000,
        "incomeBeforeTaxRatio": 0.39414101290963255,
        "incomeTaxExpense": 6133000000,
        "netIncome": 17681000000,
        "netIncomeRatio": 0.29263488910956637,
        "eps": 1.9,
        "epsdiluted": 1.87,
        "weightedAverageShsOut": 9328000000,
        "weightedAverageShsOutDil": 9470000000,
        "link": "https://www.sec.gov/Archives/edgar/data/789019/000119312508162768/0001193125-08-162768-index.htm",
        "finalLink": "https://www.sec.gov/Archives/edgar/data/789019/000119312508162768/d10k.htm"
    },
    {
        "date": "2007-06-30",
        "symbol": "MSFT",
        "reportedCurrency": "USD",
        "fillingDate": "2007-08-03",
        "acceptedDate": "2007-08-03 17:13:48",
        "period": "FY",
        "revenue": 51122000000,
        "costOfRevenue": 10693000000,
        "grossProfit": 40429000000,
        "grossProfitRatio": 0.790833691952584,
        "researchAndDevelopmentExpenses": 7121000000,
        "generalAndAdministrativeExpenses": 14784000000,
        "sellingAndMarketingExpenses": 0.0,
        "otherExpenses": 0.0,
        "operatingExpenses": 21905000000,
        "costAndExpenses": 32598000000,
        "interestExpense": 0.0,
        "depreciationAndAmortization": 1440000000,
        "ebitda": 19964000000,
        "ebitdaratio": 0.39051680294198193,
        "operatingIncome": 18524000000,
        "operatingIncomeRatio": 0.3623488908884629,
        "totalOtherIncomeExpensesNet": 258000000,
        "incomeBeforeTax": 20101000000,
        "incomeBeforeTaxRatio": 0.39319666679707366,
        "incomeTaxExpense": 6036000000,
        "netIncome": 14065000000,
        "netIncomeRatio": 0.2751261687727397,
        "eps": 1.44,
        "epsdiluted": 1.42,
        "weightedAverageShsOut": 9742000000,
        "weightedAverageShsOutDil": 9886000000,
        "link": "https://www.sec.gov/Archives/edgar/data/789019/000119312507170817/0001193125-07-170817-index.htm",
        "finalLink": "https://www.sec.gov/Archives/edgar/data/789019/000119312507170817/d10k.htm"
    },
    {
        "date": "2006-06-30",
        "symbol": "MSFT",
        "reportedCurrency": "USD",
        "fillingDate": "2006-08-25",
        "acceptedDate": "2006-08-25 17:13:53",
        "period": "FY",
        "revenue": 44282000000,
        "costOfRevenue": 7650000000,
        "grossProfit": 36632000000,
        "grossProfitRatio": 0.8272435752676031,
        "researchAndDevelopmentExpenses": 6584000000,
        "generalAndAdministrativeExpenses": 13576000000,
        "sellingAndMarketingExpenses": 0.0,
        "otherExpenses": 0.0,
        "operatingExpenses": 20160000000,
        "costAndExpenses": 27810000000,
        "interestExpense": 0.0,
        "depreciationAndAmortization": 903000000,
        "ebitda": 17375000000,
        "ebitdaratio": 0.3923716182647577,
        "operatingIncome": 16472000000,
        "operatingIncomeRatio": 0.37197958538458065,
        "totalOtherIncomeExpensesNet": 1790000000,
        "incomeBeforeTax": 18262000000,
        "incomeBeforeTaxRatio": 0.4124023305180434,
        "incomeTaxExpense": 5663000000,
        "netIncome": 12599000000,
        "netIncomeRatio": 0.28451741113770834,
        "eps": 1.21,
        "epsdiluted": 1.2,
        "weightedAverageShsOut": 10438000000,
        "weightedAverageShsOutDil": 10531000000,
        "link": "https://www.sec.gov/Archives/edgar/data/789019/000119312506180008/0001193125-06-180008-index.htm",
        "finalLink": "https://www.sec.gov/Archives/edgar/data/789019/000119312506180008/d10k.htm"
    },
    {
        "date": "2005-06-30",
        "symbol": "MSFT",
        "reportedCurrency": "USD",
        "fillingDate": "2005-08-26",
        "acceptedDate": "2005-08-25 19:59:54",
        "period": "FY",
        "revenue": 39788000000,
        "costOfRevenue": 6200000000,
        "grossProfit": 33588000000,
        "grossProfitRatio": 0.8441741228511109,
        "researchAndDevelopmentExpenses": 6184000000,
        "generalAndAdministrativeExpenses": 12843000000,
        "sellingAndMarketingExpenses": 0.0,
        "otherExpenses": 0.0,
        "operatingExpenses": 19027000000,
        "costAndExpenses": 25227000000,
        "interestExpense": 0.0,
        "depreciationAndAmortization": 855000000,
        "ebitda": 15416000000,
        "ebitdaratio": 0.3874535035689152,
        "operatingIncome": 14561000000,
        "operatingIncomeRatio": 0.3659646124459636,
        "totalOtherIncomeExpensesNet": 2067000000,
        "incomeBeforeTax": 16628000000,
        "incomeBeforeTaxRatio": 0.41791494923092387,
        "incomeTaxExpense": 4374000000,
        "netIncome": 12254000000,
        "netIncomeRatio": 0.3079823062229818,
        "eps": 1.13,
        "epsdiluted": 1.12,
        "weightedAverageShsOut": 10839000000,
        "weightedAverageShsOutDil": 10906000000,
        "link": "https://www.sec.gov/Archives/edgar/data/789019/000119312505174825/0001193125-05-174825-index.htm",
        "finalLink": "https://www.sec.gov/Archives/edgar/data/789019/000119312505174825/d10k.htm"
    },
    {
        "date": "2004-06-30",
        "symbol": "MSFT",
        "reportedCurrency": "USD",
        "fillingDate": "2004-09-01",
        "acceptedDate": "2004-09-01 17:03:00",
        "period": "FY",
        "revenue": 36835000000,
        "costOfRevenue": 6716000000,
        "grossProfit": 30119000000,
        "grossProfitRatio": 0.8176734084430569,
        "researchAndDevelopmentExpenses": 7779000000,
        "generalAndAdministrativeExpenses": 13306000000,
        "sellingAndMarketingExpenses": 0.0,
        "otherExpenses": 0.0,
        "operatingExpenses": 21085000000,
        "costAndExpenses": 27801000000,
        "interestExpense": 0.0,
        "depreciationAndAmortization": 1186000000,
        "ebitda": 10220000000,
        "ebitdaratio": 0.2774535088910004,
        "operatingIncome": 9034000000,
        "operatingIncomeRatio": 0.24525587077507804,
        "totalOtherIncomeExpensesNet": 3162000000,
        "incomeBeforeTax": 12196000000,
        "incomeBeforeTaxRatio": 0.33109814035564,
        "incomeTaxExpense": 4028000000,
        "netIncome": 8168000000,
        "netIncomeRatio": 0.2217456223700285,
        "eps": 0.76,
        "epsdiluted": 0.75,
        "weightedAverageShsOut": 10803000000,
        "weightedAverageShsOutDil": 10894000000,
        "link": "https://www.sec.gov/Archives/edgar/data/789019/000119312504150689/0001193125-04-150689-index.htm",
        "finalLink": "https://www.sec.gov/Archives/edgar/data/789019/000119312504150689/d10k.htm"
    },
    {
        "date": "2003-06-30",
        "symbol": "MSFT",
        "reportedCurrency": "USD",
        "fillingDate": "2003-09-05",
        "acceptedDate": "2003-09-04 19:42:47",
        "period": "FY",
        "revenue": 32187000000,
        "costOfRevenue": 5686000000,
        "grossProfit": 26501000000,
        "grossProfitRatio": 0.8233448286575326,
        "researchAndDevelopmentExpenses": 4659000000,
        "generalAndAdministrativeExpenses": 8625000000,
        "sellingAndMarketingExpenses": 0.0,
        "otherExpenses": 0.0,
        "operatingExpenses": 13284000000,
        "costAndExpenses": 18970000000,
        "interestExpense": 0.0,
        "depreciationAndAmortization": 1439000000,
        "ebitda": 14656000000,
        "ebitdaratio": 0.4553391120638767,
        "operatingIncome": 13217000000,
        "operatingIncomeRatio": 0.410631621462081,
        "totalOtherIncomeExpensesNet": -188000000,
        "incomeBeforeTax": 14726000000,
        "incomeBeforeTaxRatio": 0.4575139031285923,
        "incomeTaxExpense": 4733000000,
        "netIncome": 9993000000,
        "netIncomeRatio": 0.3104669587100382,
        "eps": 0.93,
        "epsdiluted": 0.92,
        "weightedAverageShsOut": 10723000000,
        "weightedAverageShsOutDil": 10882000000,
        "link": "https://www.sec.gov/Archives/edgar/data/789019/000119312503045632/0001193125-03-045632-index.htm",
        "finalLink": "https://www.sec.gov/Archives/edgar/data/789019/000119312503045632/d10k.htm"
    },
    {
        "date": "2002-06-30",
        "symbol": "MSFT",
        "reportedCurrency": "USD",
        "fillingDate": "2002-09-06",
        "acceptedDate": "2002-09-05 20:20:11",
        "period": "FY",
        "revenue": 28365000000,
        "costOfRevenue": 5191000000,
        "grossProfit": 23174000000,
        "grossProfitRatio": 0.8169927727833598,
        "researchAndDevelopmentExpenses": 4307000000,
        "generalAndAdministrativeExpenses": 6957000000,
        "sellingAndMarketingExpenses": 0.0,
        "otherExpenses": 0.0,
        "operatingExpenses": 11264000000,
        "costAndExpenses": 16455000000,
        "interestExpense": 0.0,
        "depreciationAndAmortization": 1084000000,
        "ebitda": 12994000000,
        "ebitdaratio": 0.45809977084435044,
        "operatingIncome": 11910000000,
        "operatingIncomeRatio": 0.41988365943945005,
        "totalOtherIncomeExpensesNet": -2159000000,
        "incomeBeforeTax": 11513000000,
        "incomeBeforeTaxRatio": 0.40588753745813505,
        "incomeTaxExpense": 3684000000,
        "netIncome": 7829000000,
        "netIncomeRatio": 0.2760091662259827,
        "eps": 0.725,
        "epsdiluted": 0.705,
        "weightedAverageShsOut": 10812000000,
        "weightedAverageShsOutDil": 11106000000,
        "link": "https://www.sec.gov/Archives/edgar/data/789019/000103221002001351/0001032210-02-001351-index.htm",
        "finalLink": "https://www.sec.gov/Archives/edgar/data/789019/000103221002001351/d10k.htm"
    },
    {
        "date": "2001-06-30",
        "symbol": "MSFT",
        "reportedCurrency": "USD",
        "fillingDate": "2001-09-18 00:00:00",
        "acceptedDate": "2001-09-18 00:00:00",
        "period": "FY",
        "revenue": 25296000000,
        "costOfRevenue": 3455000000,
        "grossProfit": 21841000000,
        "grossProfitRatio": 0.8634171410499684,
        "researchAndDevelopmentExpenses": 4379000000,
        "generalAndAdministrativeExpenses": 5742000000,
        "sellingAndMarketingExpenses": 0.0,
        "otherExpenses": 0.0,
        "operatingExpenses": 10121000000,
        "costAndExpenses": 13576000000,
        "interestExpense": 0.0,
        "depreciationAndAmortization": 1536000000,
        "ebitda": 13256000000,
        "ebitdaratio": 0.5240354206198609,
        "operatingIncome": 11720000000,
        "operatingIncomeRatio": 0.463314358001265,
        "totalOtherIncomeExpensesNet": -2003000000,
        "incomeBeforeTax": 11525000000,
        "incomeBeforeTaxRatio": 0.4556056293485136,
        "incomeTaxExpense": 3804000000,
        "netIncome": 7346000000,
        "netIncomeRatio": 0.29040164452877926,
        "eps": 0.69,
        "epsdiluted": 0.66,
        "weightedAverageShsOut": 10682000000,
        "weightedAverageShsOutDil": 11148000000,
        "link": "https://www.sec.gov/Archives/edgar/data/789019/000103221001501099/0001032210-01-501099-index.html",
        "finalLink": "https://www.sec.gov/Archives/edgar/data/789019/000103221001501099/d10k.txt"
    },
    {
        "date": "2000-06-30",
        "symbol": "MSFT",
        "reportedCurrency": "USD",
        "fillingDate": "2000-09-28 00:00:00",
        "acceptedDate": "2000-09-28 00:00:00",
        "period": "FY",
        "revenue": 22956000000,
        "costOfRevenue": 2254000000,
        "grossProfit": 20702000000,
        "grossProfitRatio": 0.9018121623976303,
        "researchAndDevelopmentExpenses": 3775000000,
        "generalAndAdministrativeExpenses": 5150000000,
        "sellingAndMarketingExpenses": 0.0,
        "otherExpenses": 0.0,
        "operatingExpenses": 9673000000,
        "costAndExpenses": 11927000000,
        "interestExpense": 0.0,
        "depreciationAndAmortization": 748000000,
        "ebitda": 11777000000,
        "ebitdaratio": 0.5130249172329674,
        "operatingIncome": 11029000000,
        "operatingIncomeRatio": 0.4804408433525004,
        "totalOtherIncomeExpensesNet": 3246000000,
        "incomeBeforeTax": 14275000000,
        "incomeBeforeTaxRatio": 0.6218417842829761,
        "incomeTaxExpense": 4854000000,
        "netIncome": 9421000000,
        "netIncomeRatio": 0.4103937968287158,
        "eps": 0.905,
        "epsdiluted": 0.85,
        "weightedAverageShsOut": 10378000000,
        "weightedAverageShsOutDil": 11072000000,
        "link": "https://www.sec.gov/Archives/edgar/data/789019/000103221000001961/0001032210-00-001961-index.html",
        "finalLink": "https://www.sec.gov/Archives/edgar/data/789019/000103221000001961/0001032210-00-001961-0001.txt"
    },
    {
        "date": "1999-06-30",
        "symbol": "MSFT",
        "reportedCurrency": "USD",
        "fillingDate": "1999-06-30",
        "acceptedDate": "1999-06-30",
        "period": "FY",
        "revenue": 19747000000,
        "costOfRevenue": 1804000000,
        "grossProfit": 17943000000,
        "grossProfitRatio": 0.9086443510406644,
        "researchAndDevelopmentExpenses": 2970000000,
        "generalAndAdministrativeExpenses": 3920000000,
        "sellingAndMarketingExpenses": 0.0,
        "otherExpenses": 0.0,
        "operatingExpenses": 7900000000,
        "costAndExpenses": 9704000000,
        "interestExpense": 0.0,
        "depreciationAndAmortization": 1010000000,
        "ebitda": 11053000000,
        "ebitdaratio": 0.5597305919886565,
        "operatingIncome": 10043000000,
        "operatingIncomeRatio": 0.5085835823163012,
        "totalOtherIncomeExpensesNet": 1848000000,
        "incomeBeforeTax": 11891000000,
        "incomeBeforeTaxRatio": 0.6021674178356206,
        "incomeTaxExpense": 4106000000,
        "netIncome": 7785000000,
        "netIncomeRatio": 0.39423709930622375,
        "eps": 0.77,
        "epsdiluted": 0.71,
        "weightedAverageShsOut": 10056000000,
        "weightedAverageShsOutDil": 10964000000,
        "link": "",
        "finalLink": ""
    },
    {
        "date": "1998-06-30",
        "symbol": "MSFT",
        "reportedCurrency": "USD",
        "fillingDate": "1998-06-30",
        "acceptedDate": "1998-06-30",
        "period": "FY",
        "revenue": 14484000000,
        "costOfRevenue": 173000000,
        "grossProfit": 14311000000,
        "grossProfitRatio": 0.9880557856945595,
        "researchAndDevelopmentExpenses": 2502000000,
        "generalAndAdministrativeExpenses": 3845000000,
        "sellingAndMarketingExpenses": 0.0,
        "otherExpenses": 0.0,
        "operatingExpenses": 7371000000,
        "costAndExpenses": 7544000000,
        "interestExpense": 0.0,
        "depreciationAndAmortization": 1024000000,
        "ebitda": 7964000000,
        "ebitdaratio": 0.5498481082573875,
        "operatingIncome": 6940000000,
        "operatingIncomeRatio": 0.4791494062413698,
        "totalOtherIncomeExpensesNet": 177000000,
        "incomeBeforeTax": 7117000000,
        "incomeBeforeTaxRatio": 0.49136978735156034,
        "incomeTaxExpense": 2627000000,
        "netIncome": 4490000000,
        "netIncomeRatio": 0.3099972383319525,
        "eps": 0.4575,
        "epsdiluted": 0.4175,
        "weightedAverageShsOut": 9728000000,
        "weightedAverageShsOutDil": 10724000000,
        "link": "",
        "finalLink": ""
    },
    {
        "date": "1997-06-30",
        "symbol": "MSFT",
        "reportedCurrency": "USD",
        "fillingDate": "1997-09-29 00:00:00",
        "acceptedDate": "1997-09-29 00:00:00",
        "period": "FY",
        "revenue": 11358000000,
        "costOfRevenue": 528000000,
        "grossProfit": 10830000000,
        "grossProfitRatio": 0.9535129424194401,
        "researchAndDevelopmentExpenses": 1925000000,
        "generalAndAdministrativeExpenses": 3218000000,
        "sellingAndMarketingExpenses": 0.0,
        "otherExpenses": 0.0,
        "operatingExpenses": 5700000000,
        "costAndExpenses": 6228000000,
        "interestExpense": 0.0,
        "depreciationAndAmortization": 557000000,
        "ebitda": 5687000000,
        "ebitdaratio": 0.5007043493572813,
        "operatingIncome": 5130000000,
        "operatingIncomeRatio": 0.45166402535657685,
        "totalOtherIncomeExpensesNet": 184000000,
        "incomeBeforeTax": 5314000000,
        "incomeBeforeTaxRatio": 0.4678640605740447,
        "incomeTaxExpense": 1860000000,
        "netIncome": 3454000000,
        "netIncomeRatio": 0.30410283500616303,
        "eps": 0.32875,
        "epsdiluted": 0.32875,
        "weightedAverageShsOut": 10496000000,
        "weightedAverageShsOutDil": 10496000000,
        "link": "https://www.sec.gov/Archives/edgar/data/789019/000101706297001764/0001017062-97-001764-index.html",
        "finalLink": "https://www.sec.gov/Archives/edgar/data/789019/0001017062-97-001764.txt"
    },
    {
        "date": "1996-06-30",
        "symbol": "MSFT",
        "reportedCurrency": "USD",
        "fillingDate": "1996-09-27 00:00:00",
        "acceptedDate": "1996-09-27 00:00:00",
        "period": "FY",
        "revenue": 8671000000,
        "costOfRevenue": 708000000,
        "grossProfit": 7963000000,
        "grossProfitRatio": 0.918348518048668,
        "researchAndDevelopmentExpenses": 1432000000,
        "generalAndAdministrativeExpenses": 2973000000,
        "sellingAndMarketingExpenses": 0.0,
        "otherExpenses": 0.0,
        "operatingExpenses": 4885000000,
        "costAndExpenses": 5593000000,
        "interestExpense": 0.0,
        "depreciationAndAmortization": 480000000,
        "ebitda": 3558000000,
        "ebitdaratio": 0.41033329489101605,
        "operatingIncome": 3078000000,
        "operatingIncomeRatio": 0.3549763579748587,
        "totalOtherIncomeExpensesNet": 301000000,
        "incomeBeforeTax": 3379000000,
        "incomeBeforeTaxRatio": 0.3896897704993657,
        "incomeTaxExpense": 1184000000,
        "netIncome": 2195000000,
        "netIncomeRatio": 0.25314265943951103,
        "eps": 0.214375,
        "epsdiluted": 0.214375,
        "weightedAverageShsOut": 10240000000,
        "weightedAverageShsOutDil": 10240000000,
        "link": "https://www.sec.gov/Archives/edgar/data/789019/000089102096001130/0000891020-96-001130-index.html",
        "finalLink": "https://www.sec.gov/Archives/edgar/data/789019/0000891020-96-001130.txt"
    },
    {
        "date": "1995-06-30",
        "symbol": "MSFT",
        "reportedCurrency": "USD",
        "fillingDate": "1995-09-25 00:00:00",
        "acceptedDate": "1995-09-25 00:00:00",
        "period": "FY",
        "revenue": 5937000000,
        "costOfRevenue": 608000000,
        "grossProfit": 5329000000,
        "grossProfitRatio": 0.8975913761158835,
        "researchAndDevelopmentExpenses": 860000000,
        "generalAndAdministrativeExpenses": 2162000000,
        "sellingAndMarketingExpenses": 0.0,
        "otherExpenses": 0.0,
        "operatingExpenses": 3291000000,
        "costAndExpenses": 3899000000,
        "interestExpense": 0.0,
        "depreciationAndAmortization": 269000000,
        "ebitda": 2307000000,
        "ebitdaratio": 0.38858009095502777,
        "operatingIncome": 2038000000,
        "operatingIncomeRatio": 0.3432710122957723,
        "totalOtherIncomeExpensesNet": 129000000,
        "incomeBeforeTax": 2167000000,
        "incomeBeforeTaxRatio": 0.36499915782381676,
        "incomeTaxExpense": 714000000,
        "netIncome": 1453000000,
        "netIncomeRatio": 0.24473639885464038,
        "eps": 0.145,
        "epsdiluted": 0.145,
        "weightedAverageShsOut": 10032000000,
        "weightedAverageShsOutDil": 10032000000,
        "link": "https://www.sec.gov/Archives/edgar/data/789019/000089102095000433/0000891020-95-000433-index.html",
        "finalLink": "https://www.sec.gov/Archives/edgar/data/789019/0000891020-95-000433.txt"
    },
    {
        "date": "1994-06-30",
        "symbol": "MSFT",
        "reportedCurrency": "USD",
        "fillingDate": "1994-09-27 00:00:00",
        "acceptedDate": "1994-09-27 00:00:00",
        "period": "FY",
        "revenue": 4649000000,
        "costOfRevenue": 526000000,
        "grossProfit": 4123000000,
        "grossProfitRatio": 0.8868573886857388,
        "researchAndDevelopmentExpenses": 610000000,
        "generalAndAdministrativeExpenses": 1550000000,
        "sellingAndMarketingExpenses": 0.0,
        "otherExpenses": 0.0,
        "operatingExpenses": 2397000000,
        "costAndExpenses": 2923000000,
        "interestExpense": 0.0,
        "depreciationAndAmortization": 237000000,
        "ebitda": 1963000000,
        "ebitdaratio": 0.42224134222413423,
        "operatingIncome": 1726000000,
        "operatingIncomeRatio": 0.37126263712626373,
        "totalOtherIncomeExpensesNet": -4000000.0,
        "incomeBeforeTax": 1722000000,
        "incomeBeforeTaxRatio": 0.3704022370402237,
        "incomeTaxExpense": 576000000,
        "netIncome": 1146000000,
        "netIncomeRatio": 0.24650462465046247,
        "eps": 0.1175,
        "epsdiluted": 0.1175,
        "weightedAverageShsOut": 9760000000,
        "weightedAverageShsOutDil": 9760000000,
        "link": "https://www.sec.gov/Archives/edgar/data/789019/000089102094000175/0000891020-94-000175-index.html",
        "finalLink": "https://www.sec.gov/Archives/edgar/data/789019/0000891020-94-000175.txt"
    },
    {
        "date": "1993-06-30",
        "symbol": "MSFT",
        "reportedCurrency": "USD",
        "fillingDate": "1993-06-30",
        "acceptedDate": "1993-06-30",
        "period": "FY",
        "revenue": 3753000000,
        "costOfRevenue": 482000000,
        "grossProfit": 3271000000,
        "grossProfitRatio": 0.8715694111377564,
        "researchAndDevelopmentExpenses": 0.0,
        "generalAndAdministrativeExpenses": 1794000000,
        "sellingAndMarketingExpenses": 0.0,
        "otherExpenses": 0.0,
        "operatingExpenses": 0.0,
        "costAndExpenses": 2427000000,
        "interestExpense": 0.0,
        "depreciationAndAmortization": 151000000,
        "ebitda": 1477000000,
        "ebitdaratio": 0.39355182520650145,
        "operatingIncome": 1326000000,
        "operatingIncomeRatio": 0.3533173461231015,
        "totalOtherIncomeExpensesNet": 75000000,
        "incomeBeforeTax": 1401000000,
        "incomeBeforeTaxRatio": 0.3733013589128697,
        "incomeTaxExpense": 448000000,
        "netIncome": 953000000,
        "netIncomeRatio": 0.25393018918198773,
        "eps": 0.1,
        "epsdiluted": 0.1,
        "weightedAverageShsOut": 9530000000,
        "weightedAverageShsOutDil": 9530000000,
        "link": "",
        "finalLink": ""
    },
    {
        "date": "1992-06-30",
        "symbol": "MSFT",
        "reportedCurrency": "USD",
        "fillingDate": "1992-06-30",
        "acceptedDate": "1992-06-30",
        "period": "FY",
        "revenue": 2758700000,
        "costOfRevenue": 354100000,
        "grossProfit": 2404600000,
        "grossProfitRatio": 0.871642440279842,
        "researchAndDevelopmentExpenses": 0.0,
        "generalAndAdministrativeExpenses": 1296300000,
        "sellingAndMarketingExpenses": 0.0,
        "otherExpenses": 0.0,
        "operatingExpenses": 0.0,
        "costAndExpenses": 1762700000,
        "interestExpense": 0.0,
        "depreciationAndAmortization": 112300000,
        "ebitda": 1108300000,
        "ebitdaratio": 0.40174719976800666,
        "operatingIncome": 996000000,
        "operatingIncomeRatio": 0.36103962011092183,
        "totalOtherIncomeExpensesNet": 45300000,
        "incomeBeforeTax": 1041300000,
        "incomeBeforeTaxRatio": 0.37746039801355713,
        "incomeTaxExpense": 333200000,
        "netIncome": 708100000,
        "netIncomeRatio": 0.2566788704824736,
        "eps": 0.08,
        "epsdiluted": 0.08,
        "weightedAverageShsOut": 8851250000,
        "weightedAverageShsOutDil": 8851250000,
        "link": "",
        "finalLink": ""
    },
    {
        "date": "1991-06-30",
        "symbol": "MSFT",
        "reportedCurrency": "USD",
        "fillingDate": "1991-06-30",
        "acceptedDate": "1991-06-30",
        "period": "FY",
        "revenue": 1843400000,
        "costOfRevenue": 286800000,
        "grossProfit": 1556600000,
        "grossProfitRatio": 0.8444179234024086,
        "researchAndDevelopmentExpenses": 0.0,
        "generalAndAdministrativeExpenses": 831000000,
        "sellingAndMarketingExpenses": 0.0,
        "otherExpenses": 0.0,
        "operatingExpenses": 0.0,
        "costAndExpenses": 1193600000,
        "interestExpense": 0.0,
        "depreciationAndAmortization": 75800000,
        "ebitda": 725600000,
        "ebitdaratio": 0.393620483888467,
        "operatingIncome": 649800000,
        "operatingIncomeRatio": 0.3525008137137897,
        "totalOtherIncomeExpensesNet": 20800000,
        "incomeBeforeTax": 670600000,
        "incomeBeforeTaxRatio": 0.3637843115981339,
        "incomeTaxExpense": 207900000,
        "netIncome": 462700000,
        "netIncomeRatio": 0.2510035803406748,
        "eps": 0.055,
        "epsdiluted": 0.055,
        "weightedAverageShsOut": 8412727273,
        "weightedAverageShsOutDil": 8412727273,
        "link": "",
        "finalLink": ""
    },
    {
        "date": "1990-06-30",
        "symbol": "MSFT",
        "reportedCurrency": "USD",
        "fillingDate": "1990-06-30",
        "acceptedDate": "1990-06-30",
        "period": "FY",
        "revenue": 1183400000,
        "costOfRevenue": 206400000,
        "grossProfit": 977000000,
        "grossProfitRatio": 0.8255872908568531,
        "researchAndDevelopmentExpenses": 0.0,
        "generalAndAdministrativeExpenses": 537500000,
        "sellingAndMarketingExpenses": 0.0,
        "otherExpenses": 0.0,
        "operatingExpenses": 0.0,
        "costAndExpenses": 790200000,
        "interestExpense": 0.0,
        "depreciationAndAmortization": 46300000,
        "ebitda": 439500000,
        "ebitdaratio": 0.3713875274632415,
        "operatingIncome": 393200000,
        "operatingIncomeRatio": 0.3322629711002197,
        "totalOtherIncomeExpensesNet": 17300000,
        "incomeBeforeTax": 410600000,
        "incomeBeforeTaxRatio": 0.3469663680919385,
        "incomeTaxExpense": 131400000,
        "netIncome": 279200000,
        "netIncomeRatio": 0.23593037011999324,
        "eps": 0.035,
        "epsdiluted": 0.035,
        "weightedAverageShsOut": 7977142857,
        "weightedAverageShsOutDil": 7977142857,
        "link": "",
        "finalLink": ""
    },
    {
        "date": "1989-06-30",
        "symbol": "MSFT",
        "reportedCurrency": "USD",
        "fillingDate": "1989-06-30",
        "acceptedDate": "1989-06-30",
        "period": "FY",
        "revenue": 803500000,
        "costOfRevenue": 180000000,
        "grossProfit": 623500000,
        "grossProfitRatio": 0.775980087118855,
        "researchAndDevelopmentExpenses": 0.0,
        "generalAndAdministrativeExpenses": 357100000,
        "sellingAndMarketingExpenses": 0.0,
        "otherExpenses": 0.0,
        "operatingExpenses": 0.0,
        "costAndExpenses": 561300000,
        "interestExpense": 0.0,
        "depreciationAndAmortization": 24200000,
        "ebitda": 266400000,
        "ebitdaratio": 0.3315494710640946,
        "operatingIncome": 242200000,
        "operatingIncomeRatio": 0.3014312383322962,
        "totalOtherIncomeExpensesNet": 8600000.0,
        "incomeBeforeTax": 250800000,
        "incomeBeforeTaxRatio": 0.3121344119477287,
        "incomeTaxExpense": 80300000,
        "netIncome": 170500000,
        "netIncomeRatio": 0.21219663970130678,
        "eps": 0.025,
        "epsdiluted": 0.025,
        "weightedAverageShsOut": 6820000000,
        "weightedAverageShsOutDil": 6820000000,
        "link": "",
        "finalLink": ""
    },
    {
        "date": "1988-06-30",
        "symbol": "MSFT",
        "reportedCurrency": "USD",
        "fillingDate": "1988-06-30",
        "acceptedDate": "1988-06-30",
        "period": "FY",
        "revenue": 590800000,
        "costOfRevenue": 132000000,
        "grossProfit": 458800000,
        "grossProfitRatio": 0.7765741367637102,
        "researchAndDevelopmentExpenses": 0.0,
        "generalAndAdministrativeExpenses": 255400000,
        "sellingAndMarketingExpenses": 0.0,
        "otherExpenses": 0.0,
        "operatingExpenses": 0.0,
        "costAndExpenses": 403400000,
        "interestExpense": 0.0,
        "depreciationAndAmortization": 16000000,
        "ebitda": 203400000,
        "ebitdaratio": 0.3442789438050102,
        "operatingIncome": 187400000,
        "operatingIncomeRatio": 0.3171970209884902,
        "totalOtherIncomeExpensesNet": -3700000.0,
        "incomeBeforeTax": 183700000,
        "incomeBeforeTaxRatio": 0.31093432633716994,
        "incomeTaxExpense": 59800000,
        "netIncome": 123900000,
        "netIncomeRatio": 0.20971563981042654,
        "eps": 0.02,
        "epsdiluted": 0.02,
        "weightedAverageShsOut": 6195000000,
        "weightedAverageShsOutDil": 6195000000,
        "link": "",
        "finalLink": ""
    },
    {
        "date": "1987-06-30",
        "symbol": "MSFT",
        "reportedCurrency": "USD",
        "fillingDate": "1987-06-30",
        "acceptedDate": "1987-06-30",
        "period": "FY",
        "revenue": 345900000,
        "costOfRevenue": 66300000,
        "grossProfit": 279600000,
        "grossProfitRatio": 0.808326105810928,
        "researchAndDevelopmentExpenses": 0.0,
        "generalAndAdministrativeExpenses": 145100000,
        "sellingAndMarketingExpenses": 0.0,
        "otherExpenses": 0.0,
        "operatingExpenses": 0.0,
        "costAndExpenses": 219000000,
        "interestExpense": 0.0,
        "depreciationAndAmortization": 7600000.0,
        "ebitda": 134500000,
        "ebitdaratio": 0.38884070540618676,
        "operatingIncome": 126900000,
        "operatingIncomeRatio": 0.3668690372940156,
        "totalOtherIncomeExpensesNet": -5500000.0,
        "incomeBeforeTax": 121400000,
        "incomeBeforeTaxRatio": 0.3509684880023128,
        "incomeTaxExpense": 49500000,
        "netIncome": 71900000,
        "netIncomeRatio": 0.20786354437698756,
        "eps": 0.01,
        "epsdiluted": 0.01,
        "weightedAverageShsOut": 7190000000,
        "weightedAverageShsOutDil": 7190000000,
        "link": "",
        "finalLink": ""
    },
    {
        "date": "1986-06-30",
        "symbol": "MSFT",
        "reportedCurrency": "USD",
        "fillingDate": "1986-06-30",
        "acceptedDate": "1986-06-30",
        "period": "FY",
        "revenue": 197500000,
        "costOfRevenue": 35100000,
        "grossProfit": 162400000,
        "grossProfitRatio": 0.8222784810126582,
        "researchAndDevelopmentExpenses": 0.0,
        "generalAndAdministrativeExpenses": 95700000,
        "sellingAndMarketingExpenses": 0.0,
        "otherExpenses": 0.0,
        "operatingExpenses": 0.0,
        "costAndExpenses": 136600000,
        "interestExpense": 0.0,
        "depreciationAndAmortization": 5800000.0,
        "ebitda": 66700000,
        "ebitdaratio": 0.33772151898734176,
        "operatingIncome": 60900000,
        "operatingIncomeRatio": 0.30835443037974686,
        "totalOtherIncomeExpensesNet": 5100000.0,
        "incomeBeforeTax": 66000000,
        "incomeBeforeTaxRatio": 0.3341772151898734,
        "incomeTaxExpense": 26700000,
        "netIncome": 39300000,
        "netIncomeRatio": 0.1989873417721519,
        "eps": 0.01,
        "epsdiluted": 0.01,
        "weightedAverageShsOut": 7342400000,
        "weightedAverageShsOutDil": 7342400000,
        "link": "",
        "finalLink": ""
    }
]