[
    {
        "date": "2021-01-03",
        "symbol": "JNJ",
        "reportedCurrency": "USD",
        "fillingDate": "2021-02-22",
        "acceptedDate": "2021-02-22 16:36:14",
        "period": "FY",
        "revenue": 82584000000,
        "costOfRevenue": 28427000000,
        "grossProfit": 54157000000,
        "grossProfitRatio": 0.6557807807807807,
        "researchAndDevelopmentExpenses": 12159000000,
        "generalAndAdministrativeExpenses": 0.0,
        "sellingAndMarketingExpenses": 22084000000,
        "otherExpenses": -2899000000,
        "operatingExpenses": 34243000000,
        "costAndExpenses": 62670000000,
        "interestExpense": 201000000,
        "depreciationAndAmortization": 7231000000,
        "ebitda": 27145000000,
        "ebitdaratio": 0.32869563111498595,
        "operatingIncome": 19914000000,
        "operatingIncomeRatio": 0.2411362975879105,
        "totalOtherIncomeExpensesNet": -3327000000,
        "incomeBeforeTax": 16497000000,
        "incomeBeforeTaxRatio": 0.19976024411508284,
        "incomeTaxExpense": 1783000000,
        "netIncome": 14714000000,
        "netIncomeRatio": 0.17817010558946042,
        "eps": 5.59,
        "epsdiluted": 5.51,
        "weightedAverageShsOut": 2632000000,
        "weightedAverageShsOutDil": 2669200000,
        "link": "https://www.sec.gov/Archives/edgar/data/200406/000020040621000008/0000200406-21-000008-index.htm",
        "finalLink": "https://www.sec.gov/Archives/edgar/data/200406/000020040621000008/jnj-20210103.htm"
    },
    {
        "date": "2019-12-29",
        "symbol": "JNJ",
        "reportedCurrency": "USD",
        "fillingDate": "2020-02-18",
        "acceptedDate": "2020-02-18 16:34:21",
        "period": "FY",
        "revenue": 82059000000,
        "costOfRevenue": 27456000000,
        "grossProfit": 54603000000,
        "grossProfitRatio": 0.665411472233393,
        "researchAndDevelopmentExpenses": 11355000000,
        "generalAndAdministrativeExpenses": 0.0,
        "sellingAndMarketingExpenses": 22178000000,
        "otherExpenses": 2469000000,
        "operatingExpenses": 37275000000,
        "costAndExpenses": 64731000000,
        "interestExpense": 318000000,
        "depreciationAndAmortization": 7009000000,
        "ebitda": 24337000000,
        "ebitdaratio": 0.29657929051048637,
        "operatingIncome": 17328000000,
        "operatingIncomeRatio": 0.21116513727927466,
        "totalOtherIncomeExpensesNet": 2525000000,
        "incomeBeforeTax": 17328000000,
        "incomeBeforeTaxRatio": 0.21116513727927466,
        "incomeTaxExpense": 2209000000,
        "netIncome": 15119000000,
        "netIncomeRatio": 0.1842454819093579,
        "eps": 5.72,
        "epsdiluted": 5.63238,
        "weightedAverageShsOut": 2632512000,
        "weightedAverageShsOutDil": 2669200000,
        "link": "https://www.sec.gov/Archives/edgar/data/200406/000020040620000010/0000200406-20-000010-index.htm",
        "finalLink": "https://www.sec.gov/Archives/edgar/data/200406/000020040620000010/form10-k20191229.htm"
    },
    {
        "date": "2018-12-30",
        "symbol": "JNJ",
        "reportedCurrency": "USD",
        "fillingDate": "2019-02-20",
        "acceptedDate": "2019-02-20 16:40:34",
        "period": "FY",
        "revenue": 81581000000,
        "costOfRevenue": 26986000000,
        "grossProfit": 54595000000,
        "grossProfitRatio": 0.6692121940157635,
        "researchAndDevelopmentExpenses": 10775000000,
        "generalAndAdministrativeExpenses": 0.0,
        "sellingAndMarketingExpenses": 22540000000,
        "otherExpenses": 1061000000,
        "operatingExpenses": 36596000000,
        "costAndExpenses": 63582000000,
        "interestExpense": 1005000000,
        "depreciationAndAmortization": 6929000000,
        "ebitda": 24928000000,
        "ebitdaratio": 0.30556134394037826,
        "operatingIncome": 17999000000,
        "operatingIncomeRatio": 0.22062735195695077,
        "totalOtherIncomeExpensesNet": 1405000000,
        "incomeBeforeTax": 17999000000,
        "incomeBeforeTaxRatio": 0.22062735195695077,
        "incomeTaxExpense": 2702000000,
        "netIncome": 15297000000,
        "netIncomeRatio": 0.18750689498780354,
        "eps": 5.7,
        "epsdiluted": 5.61,
        "weightedAverageShsOut": 2632512000,
        "weightedAverageShsOutDil": 2669200000,
        "link": "https://www.sec.gov/Archives/edgar/data/200406/000020040619000009/0000200406-19-000009-index.htm",
        "finalLink": "https://www.sec.gov/Archives/edgar/data/200406/000020040619000009/form10-k20181230.htm"
    },
    {
        "date": "2017-12-31",
        "symbol": "JNJ",
        "reportedCurrency": "USD",
        "fillingDate": "2018-02-21",
        "acceptedDate": "2018-02-21 16:49:20",
        "period": "FY",
        "revenue": 76450000000,
        "costOfRevenue": 25354000000,
        "grossProfit": 51096000000,
        "grossProfitRatio": 0.6683584041857423,
        "researchAndDevelopmentExpenses": 10962000000,
        "generalAndAdministrativeExpenses": 0.0,
        "sellingAndMarketingExpenses": 21420000000,
        "otherExpenses": -183000000,
        "operatingExpenses": 32382000000,
        "costAndExpenses": 57736000000,
        "interestExpense": 934000000,
        "depreciationAndAmortization": 5642000000,
        "ebitda": 24356000000,
        "ebitdaratio": 0.31858731196860696,
        "operatingIncome": 18714000000,
        "operatingIncomeRatio": 0.24478744277305428,
        "totalOtherIncomeExpensesNet": -492000000,
        "incomeBeforeTax": 17673000000,
        "incomeBeforeTaxRatio": 0.23117069980379332,
        "incomeTaxExpense": 16373000000,
        "netIncome": 1300000000,
        "netIncomeRatio": 0.017004578155657292,
        "eps": 0.484618,
        "epsdiluted": 0.47,
        "weightedAverageShsOut": 2632512000,
        "weightedAverageShsOutDil": 2669200000,
        "link": "https://www.sec.gov/Archives/edgar/data/200406/000020040618000005/0000200406-18-000005-index.htm",
        "finalLink": "https://www.sec.gov/Archives/edgar/data/200406/000020040618000005/form10-k20171231.htm"
    },
    {
        "date": "2017-01-01",
        "symbol": "JNJ",
        "reportedCurrency": "USD",
        "fillingDate": "2017-02-27",
        "acceptedDate": "2017-02-27 16:52:48",
        "period": "FY",
        "revenue": 71890000000,
        "costOfRevenue": 21640000000,
        "grossProfit": 50250000000,
        "grossProfitRatio": 0.6989845597440534,
        "researchAndDevelopmentExpenses": 9095000000,
        "generalAndAdministrativeExpenses": 0.0,
        "sellingAndMarketingExpenses": 19945000000,
        "otherExpenses": 281000000,
        "operatingExpenses": 30447000000,
        "costAndExpenses": 52087000000,
        "interestExpense": 726000000,
        "depreciationAndAmortization": 3754000000,
        "ebitda": 23557000000,
        "ebitdaratio": 0.3276811795799138,
        "operatingIncome": 19803000000,
        "operatingIncomeRatio": 0.2754625121713729,
        "totalOtherIncomeExpensesNet": 484000000,
        "incomeBeforeTax": 19803000000,
        "incomeBeforeTaxRatio": 0.2754625121713729,
        "incomeTaxExpense": 3263000000,
        "netIncome": 16540000000,
        "netIncomeRatio": 0.23007372374460983,
        "eps": 6.04,
        "epsdiluted": 5.93065,
        "weightedAverageShsOut": 2632512000,
        "weightedAverageShsOutDil": 2669200000,
        "link": "https://www.sec.gov/Archives/edgar/data/200406/000020040617000006/0000200406-17-000006-index.htm",
        "finalLink": "https://www.sec.gov/Archives/edgar/data/200406/000020040617000006/form10-k20170101.htm"
    },
    {
        "date": "2016-01-03",
        "symbol": "JNJ",
        "reportedCurrency": "USD",
        "fillingDate": "2016-02-24",
        "acceptedDate": "2016-02-24 16:58:53",
        "period": "FY",
        "revenue": 70074000000,
        "costOfRevenue": 21455000000,
        "grossProfit": 48619000000,
        "grossProfitRatio": 0.6938236721180466,
        "researchAndDevelopmentExpenses": 9047000000,
        "generalAndAdministrativeExpenses": 0.0,
        "sellingAndMarketingExpenses": 21203000000,
        "otherExpenses": -2097000000,
        "operatingExpenses": 29423000000,
        "costAndExpenses": 50878000000,
        "interestExpense": 552000000,
        "depreciationAndAmortization": 3746000000,
        "ebitda": 22942000000,
        "ebitdaratio": 0.3273967520050233,
        "operatingIncome": 19196000000,
        "operatingIncomeRatio": 0.2739389787938465,
        "totalOtherIncomeExpensesNet": -2064000000,
        "incomeBeforeTax": 19196000000,
        "incomeBeforeTaxRatio": 0.2739389787938465,
        "incomeTaxExpense": 3787000000,
        "netIncome": 15409000000,
        "netIncomeRatio": 0.21989610982675456,
        "eps": 5.56,
        "epsdiluted": 5.47798,
        "weightedAverageShsOut": 2771000000,
        "weightedAverageShsOutDil": 2812000000,
        "link": "https://www.sec.gov/Archives/edgar/data/200406/000020040616000071/0000200406-16-000071-index.htm",
        "finalLink": "https://www.sec.gov/Archives/edgar/data/200406/000020040616000071/form10-k20160103.htm"
    },
    {
        "date": "2014-12-28",
        "symbol": "JNJ",
        "reportedCurrency": "USD",
        "fillingDate": "2015-02-24",
        "acceptedDate": "2015-02-23 19:11:03",
        "period": "FY",
        "revenue": 74331000000,
        "costOfRevenue": 22746000000,
        "grossProfit": 51585000000,
        "grossProfitRatio": 0.6939903943173104,
        "researchAndDevelopmentExpenses": 8494000000,
        "generalAndAdministrativeExpenses": 0.0,
        "sellingAndMarketingExpenses": 21954000000,
        "otherExpenses": -75000000,
        "operatingExpenses": 31022000000,
        "costAndExpenses": 53768000000,
        "interestExpense": 533000000,
        "depreciationAndAmortization": 3895000000,
        "ebitda": 24458000000,
        "ebitdaratio": 0.3290417187983479,
        "operatingIncome": 20563000000,
        "operatingIncomeRatio": 0.27664097079280514,
        "totalOtherIncomeExpensesNet": -75000000,
        "incomeBeforeTax": 20563000000,
        "incomeBeforeTaxRatio": 0.27664097079280514,
        "incomeTaxExpense": 4240000000,
        "netIncome": 16323000000,
        "netIncomeRatio": 0.21959882148767002,
        "eps": 5.798579040852576,
        "epsdiluted": 5.701362207474677,
        "weightedAverageShsOut": 2815000000,
        "weightedAverageShsOutDil": 2863000000,
        "link": "https://www.sec.gov/Archives/edgar/data/200406/000020040615000004/0000200406-15-000004-index.htm",
        "finalLink": "https://www.sec.gov/Archives/edgar/data/200406/000020040615000004/a2014122810-k.htm"
    },
    {
        "date": "2013-12-29",
        "symbol": "JNJ",
        "reportedCurrency": "USD",
        "fillingDate": "2014-02-21",
        "acceptedDate": "2014-02-21 14:29:51",
        "period": "FY",
        "revenue": 71312000000,
        "costOfRevenue": 21659000000,
        "grossProfit": 49653000000,
        "grossProfitRatio": 0.6962783262284048,
        "researchAndDevelopmentExpenses": 8187000000,
        "generalAndAdministrativeExpenses": 0.0,
        "sellingAndMarketingExpenses": 21830000000,
        "otherExpenses": 2564000000,
        "operatingExpenses": 34182000000,
        "costAndExpenses": 55841000000,
        "interestExpense": 482000000,
        "depreciationAndAmortization": 4104000000,
        "ebitda": 19575000000,
        "ebitdaratio": 0.27449798070450976,
        "operatingIncome": 15471000000,
        "operatingIncomeRatio": 0.21694805923266772,
        "totalOtherIncomeExpensesNet": 2564000000,
        "incomeBeforeTax": 15471000000,
        "incomeBeforeTaxRatio": 0.21694805923266772,
        "incomeTaxExpense": 1640000000,
        "netIncome": 13831000000,
        "netIncomeRatio": 0.19395052726048911,
        "eps": 4.923816304734781,
        "epsdiluted": 4.807438303788668,
        "weightedAverageShsOut": 2809000000,
        "weightedAverageShsOutDil": 2877000000,
        "link": "https://www.sec.gov/Archives/edgar/data/200406/000020040614000033/0000200406-14-000033-index.htm",
        "finalLink": "https://www.sec.gov/Archives/edgar/data/200406/000020040614000033/a2013122910-k.htm"
    },
    {
        "date": "2012-12-30",
        "symbol": "JNJ",
        "reportedCurrency": "USD",
        "fillingDate": "2013-02-22",
        "acceptedDate": "2013-02-21 18:44:12",
        "period": "FY",
        "revenue": 67224000000,
        "costOfRevenue": 21658000000,
        "grossProfit": 45566000000,
        "grossProfitRatio": 0.6778233964060455,
        "researchAndDevelopmentExpenses": 7666000000,
        "generalAndAdministrativeExpenses": 0.0,
        "sellingAndMarketingExpenses": 20869000000,
        "otherExpenses": -113000000,
        "operatingExpenses": 31791000000,
        "costAndExpenses": 53449000000,
        "interestExpense": 532000000,
        "depreciationAndAmortization": 3666000000,
        "ebitda": 17441000000,
        "ebitdaratio": 0.25944603117934073,
        "operatingIncome": 13775000000,
        "operatingIncomeRatio": 0.20491193621325718,
        "totalOtherIncomeExpensesNet": -113000000,
        "incomeBeforeTax": 13775000000,
        "incomeBeforeTaxRatio": 0.20491193621325718,
        "incomeTaxExpense": 3261000000,
        "netIncome": 10853000000,
        "netIncomeRatio": 0.16144531714863739,
        "eps": 3.942244823828551,
        "epsdiluted": 3.8595305832147937,
        "weightedAverageShsOut": 2753000000,
        "weightedAverageShsOutDil": 2812000000,
        "link": "https://www.sec.gov/Archives/edgar/data/200406/000020040613000038/0000200406-13-000038-index.htm",
        "finalLink": "https://www.sec.gov/Archives/edgar/data/200406/000020040613000038/a2012123010-k.htm"
    },
    {
        "date": "2012-01-01",
        "symbol": "JNJ",
        "reportedCurrency": "USD",
        "fillingDate": "2012-02-23",
        "acceptedDate": "2012-02-23 17:11:21",
        "period": "FY",
        "revenue": 65030000000,
        "costOfRevenue": 20273000000,
        "grossProfit": 44757000000,
        "grossProfitRatio": 0.6882515761956021,
        "researchAndDevelopmentExpenses": 7548000000,
        "generalAndAdministrativeExpenses": 0.0,
        "sellingAndMarketingExpenses": 20969000000,
        "otherExpenses": 2743000000,
        "operatingExpenses": 32396000000,
        "costAndExpenses": 52669000000,
        "interestExpense": 571000000,
        "depreciationAndAmortization": 3158000000,
        "ebitda": 15519000000,
        "ebitdaratio": 0.23864370290635092,
        "operatingIncome": 12361000000,
        "operatingIncomeRatio": 0.1900815008457635,
        "totalOtherIncomeExpensesNet": 2743000000,
        "incomeBeforeTax": 12361000000,
        "incomeBeforeTaxRatio": 0.1900815008457635,
        "incomeTaxExpense": 2689000000,
        "netIncome": 9672000000,
        "netIncomeRatio": 0.14873135475934185,
        "eps": 3.48541,
        "epsdiluted": 3.48541,
        "weightedAverageShsOut": 2859000000,
        "weightedAverageShsOutDil": 2859000000,
        "link": "https://www.sec.gov/Archives/edgar/data/200406/000119312512075565/0001193125-12-075565-index.htm",
        "finalLink": "https://www.sec.gov/Archives/edgar/data/200406/000119312512075565/d281803d10k.htm"
    },
    {
        "date": "2011-01-02",
        "symbol": "JNJ",
        "reportedCurrency": "USD",
        "fillingDate": "2011-02-25",
        "acceptedDate": "2011-02-24 21:48:40",
        "period": "FY",
        "revenue": 61587000000,
        "costOfRevenue": 18792000000,
        "grossProfit": 42795000000,
        "grossProfitRatio": 0.6948706707584393,
        "researchAndDevelopmentExpenses": 6844000000,
        "generalAndAdministrativeExpenses": 0.0,
        "sellingAndMarketingExpenses": 19424000000,
        "otherExpenses": -651000000,
        "operatingExpenses": 25848000000,
        "costAndExpenses": 44640000000,
        "interestExpense": 0.0,
        "depreciationAndAmortization": 2939000000,
        "ebitda": 19886000000,
        "ebitdaratio": 0.3228928182895741,
        "operatingIncome": 16947000000,
        "operatingIncomeRatio": 0.2751717083150665,
        "totalOtherIncomeExpensesNet": -651000000,
        "incomeBeforeTax": 16947000000,
        "incomeBeforeTaxRatio": 0.2751717083150665,
        "incomeTaxExpense": 3613000000,
        "netIncome": 13334000000,
        "netIncomeRatio": 0.2165067303164629,
        "eps": 4.78093,
        "epsdiluted": 4.78093,
        "weightedAverageShsOut": 2778000000,
        "weightedAverageShsOutDil": 2778000000,
        "link": "https://www.sec.gov/Archives/edgar/data/200406/000095012311018128/0000950123-11-018128-index.htm",
        "finalLink": "https://www.sec.gov/Archives/edgar/data/200406/000095012311018128/y86310ke10vk.htm"
    },
    {
        "date": "2010-01-03",
        "symbol": "JNJ",
        "reportedCurrency": "USD",
        "fillingDate": "2010-03-01",
        "acceptedDate": "2010-03-01 16:50:02",
        "period": "FY",
        "revenue": 61897000000,
        "costOfRevenue": 18447000000,
        "grossProfit": 43450000000,
        "grossProfitRatio": 0.7019726319530833,
        "researchAndDevelopmentExpenses": 6986000000,
        "generalAndAdministrativeExpenses": 0.0,
        "sellingAndMarketingExpenses": 19801000000,
        "otherExpenses": -526000000,
        "operatingExpenses": 27695000000,
        "costAndExpenses": 46142000000,
        "interestExpense": -451000000,
        "depreciationAndAmortization": 2774000000,
        "ebitda": 18529000000,
        "ebitdaratio": 0.29935214953874983,
        "operatingIncome": 15755000000,
        "operatingIncomeRatio": 0.2545357610223436,
        "totalOtherIncomeExpensesNet": -526000000,
        "incomeBeforeTax": 15755000000,
        "incomeBeforeTaxRatio": 0.2545357610223436,
        "incomeTaxExpense": 3489000000,
        "netIncome": 12266000000,
        "netIncomeRatio": 0.19816792413202577,
        "eps": 4.39799,
        "epsdiluted": 4.39799,
        "weightedAverageShsOut": 2782000000,
        "weightedAverageShsOutDil": 2782000000,
        "link": "https://www.sec.gov/Archives/edgar/data/200406/000095012310019392/0000950123-10-019392-index.htm",
        "finalLink": "https://www.sec.gov/Archives/edgar/data/200406/000095012310019392/y80744e10vk.htm"
    },
    {
        "date": "2008-12-28",
        "symbol": "JNJ",
        "reportedCurrency": "USD",
        "fillingDate": "2009-02-20",
        "acceptedDate": "2009-02-20 16:18:45",
        "period": "FY",
        "revenue": 63747000000,
        "costOfRevenue": 18511000000,
        "grossProfit": 45236000000,
        "grossProfitRatio": 0.7096177074999608,
        "researchAndDevelopmentExpenses": 7577000000,
        "generalAndAdministrativeExpenses": 0.0,
        "sellingAndMarketingExpenses": 21490000000,
        "otherExpenses": -1015000000,
        "operatingExpenses": 28307000000,
        "costAndExpenses": 46818000000,
        "interestExpense": -435000000,
        "depreciationAndAmortization": 2832000000,
        "ebitda": 19761000000,
        "ebitdaratio": 0.3099910584027484,
        "operatingIncome": 16929000000,
        "operatingIncomeRatio": 0.2655654383735705,
        "totalOtherIncomeExpensesNet": -1015000000,
        "incomeBeforeTax": 16929000000,
        "incomeBeforeTaxRatio": 0.2655654383735705,
        "incomeTaxExpense": 3980000000,
        "netIncome": 12949000000,
        "netIncomeRatio": 0.2031311277393446,
        "eps": 4.56594,
        "epsdiluted": 4.56594,
        "weightedAverageShsOut": 2797000000,
        "weightedAverageShsOutDil": 2797000000,
        "link": "https://www.sec.gov/Archives/edgar/data/200406/000095012309003187/0000950123-09-003187-index.htm",
        "finalLink": "https://www.sec.gov/Archives/edgar/data/200406/000095012309003187/y74152e10vk.htm"
    },
    {
        "date": "2007-12-30",
        "symbol": "JNJ",
        "reportedCurrency": "USD",
        "fillingDate": "2008-02-26",
        "acceptedDate": "2008-02-26 16:39:42",
        "period": "FY",
        "revenue": 61095000000,
        "costOfRevenue": 17751000000,
        "grossProfit": 43344000000,
        "grossProfitRatio": 0.7094524920206237,
        "researchAndDevelopmentExpenses": 7680000000,
        "generalAndAdministrativeExpenses": 0.0,
        "sellingAndMarketingExpenses": 20451000000,
        "otherExpenses": 534000000,
        "operatingExpenses": 30061000000,
        "costAndExpenses": 47812000000,
        "interestExpense": -296000000,
        "depreciationAndAmortization": 2777000000,
        "ebitda": 16060000000,
        "ebitdaratio": 0.26286930190686636,
        "operatingIncome": 13283000000,
        "operatingIncomeRatio": 0.21741550045011868,
        "totalOtherIncomeExpensesNet": 534000000,
        "incomeBeforeTax": 13283000000,
        "incomeBeforeTaxRatio": 0.21741550045011868,
        "incomeTaxExpense": 2707000000,
        "netIncome": 10576000000,
        "netIncomeRatio": 0.17310745560193141,
        "eps": 3.63312,
        "epsdiluted": 3.63312,
        "weightedAverageShsOut": 2790000000,
        "weightedAverageShsOutDil": 2790000000,
        "link": "https://www.sec.gov/Archives/edgar/data/200406/000095012308002130/0000950123-08-002130-index.htm",
        "finalLink": "https://www.sec.gov/Archives/edgar/data/200406/000095012308002130/y47910e10vk.htm"
    },
    {
        "date": "2006-12-31",
        "symbol": "JNJ",
        "reportedCurrency": "USD",
        "fillingDate": "2007-02-21 00:00:00",
        "acceptedDate": "2007-02-21 17:22:31",
        "period": "FY",
        "revenue": 53324000000,
        "costOfRevenue": 15057000000,
        "grossProfit": 38267000000,
        "grossProfitRatio": 0.717631835571225,
        "researchAndDevelopmentExpenses": 7125000000,
        "generalAndAdministrativeExpenses": 0.0,
        "sellingAndMarketingExpenses": 0.0,
        "otherExpenses": 0.0,
        "operatingExpenses": 24558000000,
        "costAndExpenses": 39615000000,
        "interestExpense": 0.0,
        "depreciationAndAmortization": 2177000000,
        "ebitda": 15886000000,
        "ebitdaratio": 0.2979146350611357,
        "operatingIncome": 13709000000,
        "operatingIncomeRatio": 0.2570887405295927,
        "totalOtherIncomeExpensesNet": 112000000,
        "incomeBeforeTax": 14587000000,
        "incomeBeforeTaxRatio": 0.273554121971345,
        "incomeTaxExpense": 3534000000,
        "netIncome": 11053000000,
        "netIncomeRatio": 0.20728002400420073,
        "eps": 3.76,
        "epsdiluted": 3.73,
        "weightedAverageShsOut": 2939627660,
        "weightedAverageShsOutDil": 2963270777,
        "link": "https://www.sec.gov/Archives/edgar/data/200406/000095012307002542/0000950123-07-002542-index.html",
        "finalLink": "https://www.sec.gov/Archives/edgar/data/200406/000095012307002542/y29901e10vk.htm"
    },
    {
        "date": "2006-01-01",
        "symbol": "JNJ",
        "reportedCurrency": "USD",
        "fillingDate": "2006-01-01",
        "acceptedDate": "2006-01-01",
        "period": "FY",
        "revenue": 50514000000,
        "costOfRevenue": 13954000000,
        "grossProfit": 36560000000,
        "grossProfitRatio": 0.7237597497723404,
        "researchAndDevelopmentExpenses": 6312000000,
        "generalAndAdministrativeExpenses": 16877000000,
        "sellingAndMarketingExpenses": 0.0,
        "otherExpenses": -214000000,
        "operatingExpenses": 22904000000,
        "costAndExpenses": 36858000000,
        "interestExpense": 0.0,
        "depreciationAndAmortization": 2093000000,
        "ebitda": 15749000000,
        "ebitdaratio": 0.31177495347824363,
        "operatingIncome": 13656000000,
        "operatingIncomeRatio": 0.2703408955933009,
        "totalOtherIncomeExpensesNet": -214000000,
        "incomeBeforeTax": 13656000000,
        "incomeBeforeTaxRatio": 0.2703408955933009,
        "incomeTaxExpense": 3245000000,
        "netIncome": 10411000000,
        "netIncomeRatio": 0.2061012788533872,
        "eps": 3.45536,
        "epsdiluted": 3.45536,
        "weightedAverageShsOut": 3013000000,
        "weightedAverageShsOutDil": 3013000000,
        "link": "",
        "finalLink": ""
    },
    {
        "date": "2005-01-02",
        "symbol": "JNJ",
        "reportedCurrency": "USD",
        "fillingDate": "2005-03-15",
        "acceptedDate": "2005-03-15",
        "period": "FY",
        "revenue": 47348000000,
        "costOfRevenue": 13422000000,
        "grossProfit": 33926000000,
        "grossProfitRatio": 0.7165244572104419,
        "researchAndDevelopmentExpenses": 5203000000,
        "generalAndAdministrativeExpenses": 15860000000,
        "sellingAndMarketingExpenses": 0.0,
        "otherExpenses": 15000000,
        "operatingExpenses": 21088000000,
        "costAndExpenses": 34510000000,
        "interestExpense": 0.0,
        "depreciationAndAmortization": 2124000000,
        "ebitda": 14962000000,
        "ebitdaratio": 0.31600067584692065,
        "operatingIncome": 12838000000,
        "operatingIncomeRatio": 0.2711413364872856,
        "totalOtherIncomeExpensesNet": 15000000,
        "incomeBeforeTax": 12838000000,
        "incomeBeforeTaxRatio": 0.2711413364872856,
        "incomeTaxExpense": 4329000000,
        "netIncome": 8509000000,
        "netIncomeRatio": 0.17971192025006336,
        "eps": 2.83256,
        "epsdiluted": 2.83256,
        "weightedAverageShsOut": 3004000000,
        "weightedAverageShsOutDil": 3004000000,
        "link": "https://www.sec.gov/Archives/edgar/data/200406/000095012305003140/0000950123-05-003140-index.htm",
        "finalLink": "https://www.sec.gov/Archives/edgar/data/200406/000095012305003140/y06203e10vk.txt"
    },
    {
        "date": "2003-12-28",
        "symbol": "JNJ",
        "reportedCurrency": "USD",
        "fillingDate": "2003-12-28",
        "acceptedDate": "2003-12-28",
        "period": "FY",
        "revenue": 41862000000,
        "costOfRevenue": 12176000000,
        "grossProfit": 29686000000,
        "grossProfitRatio": 0.7091395537719173,
        "researchAndDevelopmentExpenses": 4684000000,
        "generalAndAdministrativeExpenses": 14131000000,
        "sellingAndMarketingExpenses": 0.0,
        "otherExpenses": -385000000,
        "operatingExpenses": 19378000000,
        "costAndExpenses": 31554000000,
        "interestExpense": 0.0,
        "depreciationAndAmortization": 1869000000,
        "ebitda": 12177000000,
        "ebitdaratio": 0.29088433424107785,
        "operatingIncome": 10308000000,
        "operatingIncomeRatio": 0.24623763795327505,
        "totalOtherIncomeExpensesNet": -385000000,
        "incomeBeforeTax": 10308000000,
        "incomeBeforeTaxRatio": 0.24623763795327505,
        "incomeTaxExpense": 3111000000,
        "netIncome": 7197000000,
        "netIncomeRatio": 0.17192202952558405,
        "eps": 2.39262,
        "epsdiluted": 2.39262,
        "weightedAverageShsOut": 3008000000,
        "weightedAverageShsOutDil": 3008000000,
        "link": "",
        "finalLink": ""
    },
    {
        "date": "2002-12-29",
        "symbol": "JNJ",
        "reportedCurrency": "USD",
        "fillingDate": "2002-12-29",
        "acceptedDate": "2002-12-29",
        "period": "FY",
        "revenue": 36298000000,
        "costOfRevenue": 10447000000,
        "grossProfit": 25851000000,
        "grossProfitRatio": 0.7121879993388065,
        "researchAndDevelopmentExpenses": 3957000000,
        "generalAndAdministrativeExpenses": 12216000000,
        "sellingAndMarketingExpenses": 0.0,
        "otherExpenses": 294000000,
        "operatingExpenses": 16560000000,
        "costAndExpenses": 27007000000,
        "interestExpense": 0.0,
        "depreciationAndAmortization": 1662000000,
        "ebitda": 10953000000,
        "ebitdaratio": 0.30175216265358973,
        "operatingIncome": 9291000000,
        "operatingIncomeRatio": 0.2559645159512921,
        "totalOtherIncomeExpensesNet": 294000000,
        "incomeBeforeTax": 9291000000,
        "incomeBeforeTaxRatio": 0.2559645159512921,
        "incomeTaxExpense": 2694000000,
        "netIncome": 6597000000,
        "netIncomeRatio": 0.18174555071904788,
        "eps": 2.16012,
        "epsdiluted": 2.16012,
        "weightedAverageShsOut": 3054000000,
        "weightedAverageShsOutDil": 3054000000,
        "link": "",
        "finalLink": ""
    },
    {
        "date": "2001-12-31",
        "symbol": "JNJ",
        "reportedCurrency": "USD",
        "fillingDate": "2002-03-20 00:00:00",
        "acceptedDate": "2002-03-20 00:00:00",
        "period": "FY",
        "revenue": 33004000000,
        "costOfRevenue": 9536000000,
        "grossProfit": 23468000000,
        "grossProfitRatio": 0.7110653254151011,
        "researchAndDevelopmentExpenses": 3591000000,
        "generalAndAdministrativeExpenses": 11992000000,
        "sellingAndMarketingExpenses": 0.0,
        "otherExpenses": 0.0,
        "operatingExpenses": 15583000000,
        "costAndExpenses": 25119000000,
        "interestExpense": 0.0,
        "depreciationAndAmortization": 1605000000,
        "ebitda": 9490000000,
        "ebitdaratio": 0.2875409041328324,
        "operatingIncome": 7885000000,
        "operatingIncomeRatio": 0.2389104350987759,
        "totalOtherIncomeExpensesNet": -290000000,
        "incomeBeforeTax": 7898000000,
        "incomeBeforeTaxRatio": 0.23930432674827293,
        "incomeTaxExpense": 2230000000,
        "netIncome": 5668000000,
        "netIncomeRatio": 0.17173675918070536,
        "eps": 1.87,
        "epsdiluted": 1.84,
        "weightedAverageShsOut": 3031016043,
        "weightedAverageShsOutDil": 3080434783,
        "link": "https://www.sec.gov/Archives/edgar/data/200406/000095012302002712/0000950123-02-002712-index.html",
        "finalLink": "https://www.sec.gov/Archives/edgar/data/200406/000095012302002712/y58008e10-k.txt"
    },
    {
        "date": "2000-12-31",
        "symbol": "JNJ",
        "reportedCurrency": "USD",
        "fillingDate": "2000-12-31",
        "acceptedDate": "2000-12-31",
        "period": "FY",
        "revenue": 29139000000,
        "costOfRevenue": 7346000000,
        "grossProfit": 21793000000,
        "grossProfitRatio": 0.7478980061086516,
        "researchAndDevelopmentExpenses": 2926000000,
        "generalAndAdministrativeExpenses": 10875000000,
        "sellingAndMarketingExpenses": 0.0,
        "otherExpenses": 0.0,
        "operatingExpenses": 15316000000,
        "costAndExpenses": 22662000000,
        "interestExpense": 0.0,
        "depreciationAndAmortization": 1515000000,
        "ebitda": 7992000000,
        "ebitdaratio": 0.27427159476989604,
        "operatingIncome": 6477000000,
        "operatingIncomeRatio": 0.22227941933491197,
        "totalOtherIncomeExpensesNet": -88000000,
        "incomeBeforeTax": 6622000000,
        "incomeBeforeTaxRatio": 0.22725556813892034,
        "incomeTaxExpense": 1822000000,
        "netIncome": 4800000000,
        "netIncomeRatio": 0.1647276845464841,
        "eps": 1.725,
        "epsdiluted": 1.7,
        "weightedAverageShsOut": 2782608696,
        "weightedAverageShsOutDil": 2823529412,
        "link": "",
        "finalLink": ""
    },
    {
        "date": "2000-01-02",
        "symbol": "JNJ",
        "reportedCurrency": "USD",
        "fillingDate": "2000-01-02",
        "acceptedDate": "2000-01-02",
        "period": "FY",
        "revenue": 27471000000,
        "costOfRevenue": 8442000000,
        "grossProfit": 19029000000,
        "grossProfitRatio": 0.6926941137927268,
        "researchAndDevelopmentExpenses": 2600000000,
        "generalAndAdministrativeExpenses": 10503000000,
        "sellingAndMarketingExpenses": 0.0,
        "otherExpenses": 222000000,
        "operatingExpenses": 13276000000,
        "costAndExpenses": 21718000000,
        "interestExpense": 0.0,
        "depreciationAndAmortization": 1444000000,
        "ebitda": 7197000000,
        "ebitdaratio": 0.2619853663863711,
        "operatingIncome": 5753000000,
        "operatingIncomeRatio": 0.2094208437989152,
        "totalOtherIncomeExpensesNet": 222000000,
        "incomeBeforeTax": 5753000000,
        "incomeBeforeTaxRatio": 0.2094208437989152,
        "incomeTaxExpense": 1586000000,
        "netIncome": 4167000000,
        "netIncomeRatio": 0.15168723381019986,
        "eps": 1.46932,
        "epsdiluted": 1.46932,
        "weightedAverageShsOut": 2836000000,
        "weightedAverageShsOutDil": 2836000000,
        "link": "",
        "finalLink": ""
    },
    {
        "date": "1999-01-03",
        "symbol": "JNJ",
        "reportedCurrency": "USD",
        "fillingDate": "1999-04-01 00:00:00",
        "acceptedDate": "1999-04-01 00:00:00",
        "period": "FY",
        "revenue": 23657000000,
        "costOfRevenue": 7496000000,
        "grossProfit": 16161000000,
        "grossProfitRatio": 0.6831381832015894,
        "researchAndDevelopmentExpenses": 2269000000,
        "generalAndAdministrativeExpenses": 8907000000,
        "sellingAndMarketingExpenses": 0.0,
        "otherExpenses": 151000000,
        "operatingExpenses": 11892000000,
        "costAndExpenses": 19388000000,
        "interestExpense": 0.0,
        "depreciationAndAmortization": 1246000000,
        "ebitda": 5515000000,
        "ebitdaratio": 0.23312338842625863,
        "operatingIncome": 4269000000,
        "operatingIncomeRatio": 0.1804539882487213,
        "totalOtherIncomeExpensesNet": 151000000,
        "incomeBeforeTax": 4269000000,
        "incomeBeforeTaxRatio": 0.1804539882487213,
        "incomeTaxExpense": 1210000000,
        "netIncome": 3059000000,
        "netIncomeRatio": 0.12930633639092023,
        "eps": 1.1152,
        "epsdiluted": 1.1152,
        "weightedAverageShsOut": 2743000000,
        "weightedAverageShsOutDil": 2743000000,
        "link": "https://www.sec.gov/Archives/edgar/data/200406/000095012399002942/0000950123-99-002942-index.html",
        "finalLink": "https://www.sec.gov/Archives/edgar/data/200406/0000950123-99-002942.txt"
    },
    {
        "date": "1997-12-28",
        "symbol": "JNJ",
        "reportedCurrency": "USD",
        "fillingDate": "1997-12-28",
        "acceptedDate": "1997-12-28",
        "period": "FY",
        "revenue": 22629000000,
        "costOfRevenue": 7152000000,
        "grossProfit": 15477000000,
        "grossProfitRatio": 0.6839453798223518,
        "researchAndDevelopmentExpenses": 2140000000,
        "generalAndAdministrativeExpenses": 8715000000,
        "sellingAndMarketingExpenses": 0.0,
        "otherExpenses": 129000000,
        "operatingExpenses": 10901000000,
        "costAndExpenses": 18053000000,
        "interestExpense": 0.0,
        "depreciationAndAmortization": 1067000000,
        "ebitda": 5643000000,
        "ebitdaratio": 0.24937027707808565,
        "operatingIncome": 4576000000,
        "operatingIncomeRatio": 0.20221839232842811,
        "totalOtherIncomeExpensesNet": 129000000,
        "incomeBeforeTax": 4576000000,
        "incomeBeforeTaxRatio": 0.20221839232842811,
        "incomeTaxExpense": 1273000000,
        "netIncome": 3303000000,
        "netIncomeRatio": 0.14596314463741217,
        "eps": 1.20547,
        "epsdiluted": 1.20547,
        "weightedAverageShsOut": 2740000000,
        "weightedAverageShsOutDil": 2740000000,
        "link": "",
        "finalLink": ""
    },
    {
        "date": "1996-12-29",
        "symbol": "JNJ",
        "reportedCurrency": "USD",
        "fillingDate": "1996-12-29",
        "acceptedDate": "1996-12-29",
        "period": "FY",
        "revenue": 21620000000,
        "costOfRevenue": 7018000000,
        "grossProfit": 14602000000,
        "grossProfitRatio": 0.6753931544865865,
        "researchAndDevelopmentExpenses": 1905000000,
        "generalAndAdministrativeExpenses": 8394000000,
        "sellingAndMarketingExpenses": 0.0,
        "otherExpenses": 284000000,
        "operatingExpenses": 10569000000,
        "costAndExpenses": 17587000000,
        "interestExpense": 0.0,
        "depreciationAndAmortization": 1009000000,
        "ebitda": 5042000000,
        "ebitdaratio": 0.2332099907493062,
        "operatingIncome": 4033000000,
        "operatingIncomeRatio": 0.18654024051803886,
        "totalOtherIncomeExpensesNet": 284000000,
        "incomeBeforeTax": 4033000000,
        "incomeBeforeTaxRatio": 0.18654024051803886,
        "incomeTaxExpense": 1146000000,
        "netIncome": 2887000000,
        "netIncomeRatio": 0.13353376503237743,
        "eps": 1.06179,
        "epsdiluted": 1.06179,
        "weightedAverageShsOut": 2719000000,
        "weightedAverageShsOutDil": 2719000000,
        "link": "",
        "finalLink": ""
    },
    {
        "date": "1995-12-31",
        "symbol": "JNJ",
        "reportedCurrency": "USD",
        "fillingDate": "1995-12-31",
        "acceptedDate": "1995-12-31",
        "period": "FY",
        "revenue": 18842000000,
        "costOfRevenue": 5378000000,
        "grossProfit": 13464000000,
        "grossProfitRatio": 0.7145738244347734,
        "researchAndDevelopmentExpenses": 0.0,
        "generalAndAdministrativeExpenses": 9096000000,
        "sellingAndMarketingExpenses": 0.0,
        "otherExpenses": 0.0,
        "operatingExpenses": 9953000000,
        "costAndExpenses": 15331000000,
        "interestExpense": 0.0,
        "depreciationAndAmortization": 857000000,
        "ebitda": 4368000000,
        "ebitdaratio": 0.2318225241481796,
        "operatingIncome": 3511000000,
        "operatingIncomeRatio": 0.18633902982698228,
        "totalOtherIncomeExpensesNet": -51000000,
        "incomeBeforeTax": 3317000000,
        "incomeBeforeTaxRatio": 0.17604288292113363,
        "incomeTaxExpense": 914000000,
        "netIncome": 2403000000,
        "netIncomeRatio": 0.12753423203481584,
        "eps": 0.9299999999071161,
        "epsdiluted": 0.929953560371517,
        "weightedAverageShsOut": 2583870968,
        "weightedAverageShsOutDil": 2584000000,
        "link": "",
        "finalLink": ""
    },
    {
        "date": "1995-01-01",
        "symbol": "JNJ",
        "reportedCurrency": "USD",
        "fillingDate": "1995-01-01",
        "acceptedDate": "1995-01-01",
        "period": "FY",
        "revenue": 15734000000,
        "costOfRevenue": 5299000000,
        "grossProfit": 10435000000,
        "grossProfitRatio": 0.6632134231600356,
        "researchAndDevelopmentExpenses": 1278000000,
        "generalAndAdministrativeExpenses": 6350000000,
        "sellingAndMarketingExpenses": 0.0,
        "otherExpenses": 44000000,
        "operatingExpenses": 7754000000,
        "costAndExpenses": 13053000000,
        "interestExpense": 0.0,
        "depreciationAndAmortization": 724000000,
        "ebitda": 3405000000,
        "ebitdaratio": 0.21641032159654253,
        "operatingIncome": 2681000000,
        "operatingIncomeRatio": 0.17039532223210882,
        "totalOtherIncomeExpensesNet": 44000000,
        "incomeBeforeTax": 2681000000,
        "incomeBeforeTaxRatio": 0.17039532223210882,
        "incomeTaxExpense": 675000000,
        "netIncome": 2006000000,
        "netIncomeRatio": 0.1274945976865387,
        "eps": 0.77332,
        "epsdiluted": 0.77332,
        "weightedAverageShsOut": 2594000000,
        "weightedAverageShsOutDil": 2594000000,
        "link": "",
        "finalLink": ""
    }
]