[
    {
        "date": "2021-01-03",
        "symbol": "JNJ",
        "reportedCurrency": "USD",
        "fillingDate": "2021-02-22",
        "acceptedDate": "2021-02-22 16:36:14",
        "period": "Q4",
        "revenue": 22475000000,
        "costOfRevenue": 7814000000,
        "grossProfit": 14661000000,
        "grossProfitRatio": 0.6523248053392658,
        "researchAndDevelopmentExpenses": 4032000000,
        "generalAndAdministrativeExpenses": -15627000000,
        "sellingAndMarketingExpenses": 22084000000,
        "otherExpenses": -3399000000,
        "operatingExpenses": 10489000000,
        "costAndExpenses": 18303000000,
        "interestExpense": 87000000,
        "depreciationAndAmortization": 1940000000,
        "ebitda": 6112000000,
        "ebitdaratio": 0.27194660734149056,
        "operatingIncome": 4172000000,
        "operatingIncomeRatio": 0.18562847608453836,
        "totalOtherIncomeExpensesNet": -2496000000,
        "incomeBeforeTax": 1647000000,
        "incomeBeforeTaxRatio": 0.07328142380422692,
        "incomeTaxExpense": -91000000,
        "netIncome": 1738000000,
        "netIncomeRatio": 0.07733036707452726,
        "eps": 0.660198,
        "epsdiluted": 0.65,
        "weightedAverageShsOut": 2632512000,
        "weightedAverageShsOutDil": 2669200000,
        "link": "https://www.sec.gov/Archives/edgar/data/200406/000020040621000008/0000200406-21-000008-index.htm",
        "finalLink": "https://www.sec.gov/Archives/edgar/data/200406/000020040621000008/jnj-20210103.htm"
    },
    {
        "date": "2020-09-27",
        "symbol": "JNJ",
        "reportedCurrency": "USD",
        "fillingDate": "2020-10-23",
        "acceptedDate": "2020-10-23 16:06:01",
        "period": "Q3",
        "revenue": 21082000000,
        "costOfRevenue": 6972000000,
        "grossProfit": 14110000000,
        "grossProfitRatio": 0.6692913385826772,
        "researchAndDevelopmentExpenses": 2840000000,
        "generalAndAdministrativeExpenses": 5431000000,
        "sellingAndMarketingExpenses": 0.0,
        "otherExpenses": 0.0,
        "operatingExpenses": 8271000000,
        "costAndExpenses": 15243000000,
        "interestExpense": 44000000,
        "depreciationAndAmortization": 1818000000,
        "ebitda": 6219000000,
        "ebitdaratio": 0.2949909875723366,
        "operatingIncome": 4401000000,
        "operatingIncomeRatio": 0.20875628498244947,
        "totalOtherIncomeExpensesNet": 953000000,
        "incomeBeforeTax": 4401000000,
        "incomeBeforeTaxRatio": 0.20875628498244947,
        "incomeTaxExpense": 847000000,
        "netIncome": 3554000000,
        "netIncomeRatio": 0.16857983113556588,
        "eps": 1.35,
        "epsdiluted": 1.33,
        "weightedAverageShsOut": 2633000000,
        "weightedAverageShsOutDil": 2670800000,
        "link": "https://www.sec.gov/Archives/edgar/data/200406/000020040620000056/0000200406-20-000056-index.htm",
        "finalLink": "https://www.sec.gov/Archives/edgar/data/200406/000020040620000056/jnj-20200927.htm"
    },
    {
        "date": "2020-06-28",
        "symbol": "JNJ",
        "reportedCurrency": "USD",
        "fillingDate": "2020-07-24",
        "acceptedDate": "2020-07-24 16:04:36",
        "period": "Q2",
        "revenue": 18336000000,
        "costOfRevenue": 6557000000,
        "grossProfit": 11779000000,
        "grossProfitRatio": 0.6423974694589878,
        "researchAndDevelopmentExpenses": 2707000000,
        "generalAndAdministrativeExpenses": 4993000000,
        "sellingAndMarketingExpenses": 0.0,
        "otherExpenses": -132000000,
        "operatingExpenses": 7839000000,
        "costAndExpenses": 14396000000,
        "interestExpense": 45000000,
        "depreciationAndAmortization": 1726000000,
        "ebitda": 5666000000,
        "ebitdaratio": 0.3090095986038394,
        "operatingIncome": 3940000000,
        "operatingIncomeRatio": 0.21487783595113438,
        "totalOtherIncomeExpensesNet": 358000000,
        "incomeBeforeTax": 3940000000,
        "incomeBeforeTaxRatio": 0.21487783595113438,
        "incomeTaxExpense": 314000000,
        "netIncome": 3626000000,
        "netIncomeRatio": 0.19775305410122165,
        "eps": 1.36035,
        "epsdiluted": 1.36035,
        "weightedAverageShsOut": 2665500000,
        "weightedAverageShsOutDil": 2665500000,
        "link": "https://www.sec.gov/Archives/edgar/data/200406/000020040620000050/0000200406-20-000050-index.htm",
        "finalLink": "https://www.sec.gov/Archives/edgar/data/200406/000020040620000050/jnj-20200628.htm"
    },
    {
        "date": "2020-03-29",
        "symbol": "JNJ",
        "reportedCurrency": "USD",
        "fillingDate": "2020-04-29",
        "acceptedDate": "2020-04-29 16:46:01",
        "period": "Q1",
        "revenue": 20691000000,
        "costOfRevenue": 7047000000,
        "grossProfit": 13644000000,
        "grossProfitRatio": 0.6594171378860374,
        "researchAndDevelopmentExpenses": 2580000000,
        "generalAndAdministrativeExpenses": 0.0,
        "sellingAndMarketingExpenses": 5203000000,
        "otherExpenses": -35000000,
        "operatingExpenses": 7135000000,
        "costAndExpenses": 14182000000,
        "interestExpense": 25000000,
        "depreciationAndAmortization": 1747000000,
        "ebitda": 8256000000,
        "ebitdaratio": 0.3990140640858344,
        "operatingIncome": 6509000000,
        "operatingIncomeRatio": 0.314581218887439,
        "totalOtherIncomeExpensesNet": -679000000,
        "incomeBeforeTax": 6509000000,
        "incomeBeforeTaxRatio": 0.314581218887439,
        "incomeTaxExpense": 1013000000,
        "netIncome": 5796000000,
        "netIncomeRatio": 0.28012179208351456,
        "eps": 2.16997,
        "epsdiluted": 2.16997,
        "weightedAverageShsOut": 2671000000,
        "weightedAverageShsOutDil": 2671000000,
        "link": "https://www.sec.gov/Archives/edgar/data/200406/000020040620000035/0000200406-20-000035-index.htm",
        "finalLink": "https://www.sec.gov/Archives/edgar/data/200406/000020040620000010/form10-k20191229.htm"
    },
    {
        "date": "2019-12-29",
        "symbol": "JNJ",
        "reportedCurrency": "USD",
        "fillingDate": "2020-02-18",
        "acceptedDate": "2020-02-18 16:34:21",
        "period": "Q4",
        "revenue": 20747000000,
        "costOfRevenue": 7115000000,
        "grossProfit": 13632000000,
        "grossProfitRatio": 0.6570588518821998,
        "researchAndDevelopmentExpenses": 3232000000,
        "generalAndAdministrativeExpenses": 0.0,
        "sellingAndMarketingExpenses": 6039000000,
        "otherExpenses": -24000000,
        "operatingExpenses": 9414000000,
        "costAndExpenses": 16529000000,
        "interestExpense": 85000000,
        "depreciationAndAmortization": 1816000000,
        "ebitda": 6034000000,
        "ebitdaratio": 0.2908372294789608,
        "operatingIncome": 4218000000,
        "operatingIncomeRatio": 0.2033065021448884,
        "totalOtherIncomeExpensesNet": 16000000,
        "incomeBeforeTax": 4218000000,
        "incomeBeforeTaxRatio": 0.2033065021448884,
        "incomeTaxExpense": 208000000,
        "netIncome": 4010000000,
        "netIncomeRatio": 0.19328095628283606,
        "eps": 1.50024,
        "epsdiluted": 1.50024,
        "weightedAverageShsOut": 2672900000,
        "weightedAverageShsOutDil": 2672900000,
        "link": "https://www.sec.gov/Archives/edgar/data/200406/000020040620000010/0000200406-20-000010-index.htm",
        "finalLink": "https://www.sec.gov/Archives/edgar/data/200406/000020040620000010/form10-k20191229.htm"
    },
    {
        "date": "2019-09-29",
        "symbol": "JNJ",
        "reportedCurrency": "USD",
        "fillingDate": "2019-10-28",
        "acceptedDate": "2019-10-28 16:56:09",
        "period": "Q3",
        "revenue": 20729000000,
        "costOfRevenue": 6847000000,
        "grossProfit": 13882000000,
        "grossProfitRatio": 0.6696898065512085,
        "researchAndDevelopmentExpenses": 2599000000,
        "generalAndAdministrativeExpenses": 0.0,
        "sellingAndMarketingExpenses": 5374000000,
        "otherExpenses": 4188000000,
        "operatingExpenses": 12235000000,
        "costAndExpenses": 19082000000,
        "interestExpense": 48000000,
        "depreciationAndAmortization": 1727000000,
        "ebitda": 3374000000,
        "ebitdaratio": 0.16276713782623378,
        "operatingIncome": 1647000000,
        "operatingIncomeRatio": 0.07945390515702638,
        "totalOtherIncomeExpensesNet": 4214000000,
        "incomeBeforeTax": 1647000000,
        "incomeBeforeTaxRatio": 0.07945390515702638,
        "incomeTaxExpense": -106000000,
        "netIncome": 1753000000,
        "netIncomeRatio": 0.08456751411066622,
        "eps": 0.65658,
        "epsdiluted": 0.65658,
        "weightedAverageShsOut": 2669900000,
        "weightedAverageShsOutDil": 2669900000,
        "link": "https://www.sec.gov/Archives/edgar/data/200406/000020040619000066/0000200406-19-000066-index.htm",
        "finalLink": "https://www.sec.gov/Archives/edgar/data/200406/000020040619000066/a3q10q09-29x19.htm"
    },
    {
        "date": "2019-06-30",
        "symbol": "JNJ",
        "reportedCurrency": "USD",
        "fillingDate": "2019-07-29",
        "acceptedDate": "2019-07-29 16:15:43",
        "period": "Q2",
        "revenue": 20562000000,
        "costOfRevenue": 6940000000,
        "grossProfit": 13622000000,
        "grossProfitRatio": 0.6624841941445385,
        "researchAndDevelopmentExpenses": 2666000000,
        "generalAndAdministrativeExpenses": 0.0,
        "sellingAndMarketingExpenses": 10765000000,
        "otherExpenses": 1683000000,
        "operatingExpenses": 8212000000,
        "costAndExpenses": 15152000000,
        "interestExpense": 83000000,
        "depreciationAndAmortization": 1705000000,
        "ebitda": 7115000000,
        "ebitdaratio": 0.34602665110397823,
        "operatingIncome": 5410000000,
        "operatingIncomeRatio": 0.2631067016827157,
        "totalOtherIncomeExpensesNet": 1626000000,
        "incomeBeforeTax": 7041000000,
        "incomeBeforeTaxRatio": 0.3424277793988912,
        "incomeTaxExpense": 1434000000,
        "netIncome": 5607000000,
        "netIncomeRatio": 0.2726874817624745,
        "eps": 2.122204,
        "epsdiluted": 2.08,
        "weightedAverageShsOut": 2642065000,
        "weightedAverageShsOutDil": 2691700000,
        "link": "https://www.sec.gov/Archives/edgar/data/200406/000020040619000053/0000200406-19-000053-index.htm",
        "finalLink": "https://www.sec.gov/Archives/edgar/data/200406/000020040619000053/a2q10q06-30x19.htm"
    },
    {
        "date": "2019-03-31",
        "symbol": "JNJ",
        "reportedCurrency": "USD",
        "fillingDate": "2019-05-01",
        "acceptedDate": "2019-05-01 16:33:42",
        "period": "Q1",
        "revenue": 20021000000,
        "costOfRevenue": 6615000000,
        "grossProfit": 13406000000,
        "grossProfitRatio": 0.6695969232306078,
        "researchAndDevelopmentExpenses": 3748000000,
        "generalAndAdministrativeExpenses": 0.0,
        "sellingAndMarketingExpenses": 5219000000,
        "otherExpenses": 22000000,
        "operatingExpenses": 8967000000,
        "costAndExpenses": 15582000000,
        "interestExpense": 102000000,
        "depreciationAndAmortization": 1761000000,
        "ebitda": 6200000000,
        "ebitdaratio": 0.30967484141651264,
        "operatingIncome": 4439000000,
        "operatingIncomeRatio": 0.22171719694320963,
        "totalOtherIncomeExpensesNet": -14000000,
        "incomeBeforeTax": 4422000000,
        "incomeBeforeTaxRatio": 0.22086808850706757,
        "incomeTaxExpense": 673000000,
        "netIncome": 3749000000,
        "netIncomeRatio": 0.1872533839468558,
        "eps": 1.411715,
        "epsdiluted": 1.39,
        "weightedAverageShsOut": 2655636000,
        "weightedAverageShsOutDil": 2698800000,
        "link": "https://www.sec.gov/Archives/edgar/data/200406/000020040619000033/0000200406-19-000033-index.htm",
        "finalLink": "https://www.sec.gov/Archives/edgar/data/200406/000020040619000009/form10-k20181230.htm"
    },
    {
        "date": "2018-12-30",
        "symbol": "JNJ",
        "reportedCurrency": "USD",
        "fillingDate": "2019-02-20",
        "acceptedDate": "2019-02-20 16:40:34",
        "period": "Q4",
        "revenue": 20394000000,
        "costOfRevenue": 6929000000,
        "grossProfit": 13465000000,
        "grossProfitRatio": 0.6602432087868981,
        "researchAndDevelopmentExpenses": 3224000000,
        "generalAndAdministrativeExpenses": 0.0,
        "sellingAndMarketingExpenses": 5991000000,
        "otherExpenses": 847000000,
        "operatingExpenses": 10343000000,
        "costAndExpenses": 17272000000,
        "interestExpense": 250000000,
        "depreciationAndAmortization": 1735000000,
        "ebitda": 4857000000,
        "ebitdaratio": 0.23815828184760224,
        "operatingIncome": 3122000000,
        "operatingIncomeRatio": 0.15308424046288124,
        "totalOtherIncomeExpensesNet": 978000000,
        "incomeBeforeTax": 3122000000,
        "incomeBeforeTaxRatio": 0.15308424046288124,
        "incomeTaxExpense": 80000000,
        "netIncome": 3042000000,
        "netIncomeRatio": 0.14916151809355693,
        "eps": 1.11592,
        "epsdiluted": 1.11592,
        "weightedAverageShsOut": 2726000000,
        "weightedAverageShsOutDil": 2726000000,
        "link": "https://www.sec.gov/Archives/edgar/data/200406/000020040619000009/0000200406-19-000009-index.htm",
        "finalLink": "https://www.sec.gov/Archives/edgar/data/200406/000020040619000009/form10-k20181230.htm"
    },
    {
        "date": "2018-09-30",
        "symbol": "JNJ",
        "reportedCurrency": "USD",
        "fillingDate": "2018-10-31",
        "acceptedDate": "2018-10-31 16:12:26",
        "period": "Q3",
        "revenue": 20348000000,
        "costOfRevenue": 6589000000,
        "grossProfit": 13759000000,
        "grossProfitRatio": 0.6761843915863966,
        "researchAndDevelopmentExpenses": 3634000000,
        "generalAndAdministrativeExpenses": 0.0,
        "sellingAndMarketingExpenses": 16549000000,
        "otherExpenses": -3000000.0,
        "operatingExpenses": 9177000000,
        "costAndExpenses": 15766000000,
        "interestExpense": 243000000,
        "depreciationAndAmortization": 1731000000,
        "ebitda": 6313000000,
        "ebitdaratio": 0.3102516217810104,
        "operatingIncome": 4582000000,
        "operatingIncomeRatio": 0.2251818360526833,
        "totalOtherIncomeExpensesNet": -91000000,
        "incomeBeforeTax": 4423000000,
        "incomeBeforeTaxRatio": 0.21736780027521133,
        "incomeTaxExpense": 489000000,
        "netIncome": 3934000000,
        "netIncomeRatio": 0.1933359543935522,
        "eps": 1.466184,
        "epsdiluted": 1.44,
        "weightedAverageShsOut": 2683155000,
        "weightedAverageShsOutDil": 2727600000,
        "link": "https://www.sec.gov/Archives/edgar/data/200406/000020040618000055/0000200406-18-000055-index.htm",
        "finalLink": "https://www.sec.gov/Archives/edgar/data/200406/000020040618000055/a3q10q09-30x18.htm"
    },
    {
        "date": "2018-07-01",
        "symbol": "JNJ",
        "reportedCurrency": "USD",
        "fillingDate": "2018-08-02",
        "acceptedDate": "2018-08-01 20:08:32",
        "period": "Q2",
        "revenue": 20830000000,
        "costOfRevenue": 6883000000,
        "grossProfit": 13947000000,
        "grossProfitRatio": 0.6695631301008161,
        "researchAndDevelopmentExpenses": 2639000000,
        "generalAndAdministrativeExpenses": -5263000000,
        "sellingAndMarketingExpenses": 11006000000,
        "otherExpenses": 289000000,
        "operatingExpenses": 8974000000,
        "costAndExpenses": 15857000000,
        "interestExpense": 253000000,
        "depreciationAndAmortization": 1717000000,
        "ebitda": 6690000000,
        "ebitdaratio": 0.32117138742198753,
        "operatingIncome": 4973000000,
        "operatingIncomeRatio": 0.23874219875180028,
        "totalOtherIncomeExpensesNet": 289000000,
        "incomeBeforeTax": 4973000000,
        "incomeBeforeTaxRatio": 0.23874219875180028,
        "incomeTaxExpense": 1019000000,
        "netIncome": 3954000000,
        "netIncomeRatio": 0.18982237157945273,
        "eps": 1.45314,
        "epsdiluted": 1.45314,
        "weightedAverageShsOut": 2721000000,
        "weightedAverageShsOutDil": 2721000000,
        "link": "https://www.sec.gov/Archives/edgar/data/200406/000020040618000041/0000200406-18-000041-index.htm",
        "finalLink": "https://www.sec.gov/Archives/edgar/data/200406/000020040618000041/a2q10q07-01x18.htm"
    },
    {
        "date": "2018-04-01",
        "symbol": "JNJ",
        "reportedCurrency": "USD",
        "fillingDate": "2018-05-01",
        "acceptedDate": "2018-05-01 16:35:56",
        "period": "Q1",
        "revenue": 20009000000,
        "costOfRevenue": 6608000000,
        "grossProfit": 13401000000,
        "grossProfitRatio": 0.6697486131240942,
        "researchAndDevelopmentExpenses": 2404000000,
        "generalAndAdministrativeExpenses": 5263000000,
        "sellingAndMarketingExpenses": 0.0,
        "otherExpenses": -13000000,
        "operatingExpenses": 7920000000,
        "costAndExpenses": 14528000000,
        "interestExpense": 259000000,
        "depreciationAndAmortization": 1746000000,
        "ebitda": 7227000000,
        "ebitdaratio": 0.3611874656404618,
        "operatingIncome": 5481000000,
        "operatingIncomeRatio": 0.2739267329701634,
        "totalOtherIncomeExpensesNet": -13000000,
        "incomeBeforeTax": 5481000000,
        "incomeBeforeTaxRatio": 0.2739267329701634,
        "incomeTaxExpense": 1114000000,
        "netIncome": 4367000000,
        "netIncomeRatio": 0.2182517866959868,
        "eps": 1.59846,
        "epsdiluted": 1.59846,
        "weightedAverageShsOut": 2732000000,
        "weightedAverageShsOutDil": 2732000000,
        "link": "https://www.sec.gov/Archives/edgar/data/200406/000020040618000019/0000200406-18-000019-index.htm",
        "finalLink": "https://www.sec.gov/Archives/edgar/data/200406/000020040618000005/form10-k20171231.htm"
    },
    {
        "date": "2017-12-31",
        "symbol": "JNJ",
        "reportedCurrency": "USD",
        "fillingDate": "2018-02-21",
        "acceptedDate": "2018-02-21 16:49:20",
        "period": "Q4",
        "revenue": 20195000000,
        "costOfRevenue": 7243000000,
        "grossProfit": 12952000000,
        "grossProfitRatio": 0.6413468680366428,
        "researchAndDevelopmentExpenses": 4043000000,
        "generalAndAdministrativeExpenses": 0.0,
        "sellingAndMarketingExpenses": 1475000000,
        "otherExpenses": 9000000.0,
        "operatingExpenses": 10068000000,
        "costAndExpenses": 17311000000,
        "interestExpense": 274000000,
        "depreciationAndAmortization": 1869000000,
        "ebitda": 4753000000,
        "ebitdaratio": 0.23535528596187175,
        "operatingIncome": 2884000000,
        "operatingIncomeRatio": 0.14280762564991334,
        "totalOtherIncomeExpensesNet": -135000000,
        "incomeBeforeTax": 2560000000,
        "incomeBeforeTaxRatio": 0.12676405050755138,
        "incomeTaxExpense": 13273000000,
        "netIncome": -10713000000,
        "netIncomeRatio": -0.5304778410497648,
        "eps": -3.99,
        "epsdiluted": -3.99,
        "weightedAverageShsOut": 2684900000,
        "weightedAverageShsOutDil": 2684900000,
        "link": "https://www.sec.gov/Archives/edgar/data/200406/000020040618000005/0000200406-18-000005-index.htm",
        "finalLink": "https://www.sec.gov/Archives/edgar/data/200406/000020040618000005/form10-k20171231.htm"
    },
    {
        "date": "2017-10-01",
        "symbol": "JNJ",
        "reportedCurrency": "USD",
        "fillingDate": "2017-11-02",
        "acceptedDate": "2017-11-02 16:13:40",
        "period": "Q3",
        "revenue": 19650000000,
        "costOfRevenue": 6925000000,
        "grossProfit": 12725000000,
        "grossProfitRatio": 0.6475826972010178,
        "researchAndDevelopmentExpenses": 2585000000,
        "generalAndAdministrativeExpenses": 5423000000,
        "sellingAndMarketingExpenses": 0.0,
        "otherExpenses": -297000000,
        "operatingExpenses": 7935000000,
        "costAndExpenses": 14860000000,
        "interestExpense": 229000000,
        "depreciationAndAmortization": 1711000000,
        "ebitda": 6501000000,
        "ebitdaratio": 0.33083969465648855,
        "operatingIncome": 4790000000,
        "operatingIncomeRatio": 0.24376590330788805,
        "totalOtherIncomeExpensesNet": -297000000,
        "incomeBeforeTax": 4790000000,
        "incomeBeforeTaxRatio": 0.24376590330788805,
        "incomeTaxExpense": 1026000000,
        "netIncome": 3764000000,
        "netIncomeRatio": 0.19155216284987278,
        "eps": 1.37473,
        "epsdiluted": 1.37473,
        "weightedAverageShsOut": 2738000000,
        "weightedAverageShsOutDil": 2738000000,
        "link": "https://www.sec.gov/Archives/edgar/data/200406/000020040617000052/0000200406-17-000052-index.htm",
        "finalLink": "https://www.sec.gov/Archives/edgar/data/200406/000020040617000052/a3q10q10-01x17.htm"
    },
    {
        "date": "2017-07-02",
        "symbol": "JNJ",
        "reportedCurrency": "USD",
        "fillingDate": "2017-08-03",
        "acceptedDate": "2017-08-03 16:30:16",
        "period": "Q2",
        "revenue": 18839000000,
        "costOfRevenue": 5846000000,
        "grossProfit": 12993000000,
        "grossProfitRatio": 0.6896862890811615,
        "researchAndDevelopmentExpenses": 2296000000,
        "generalAndAdministrativeExpenses": 5289000000,
        "sellingAndMarketingExpenses": 0.0,
        "otherExpenses": 527000000,
        "operatingExpenses": 8245000000,
        "costAndExpenses": 14091000000,
        "interestExpense": 227000000,
        "depreciationAndAmortization": 1150000000,
        "ebitda": 5898000000,
        "ebitdaratio": 0.3130739423536281,
        "operatingIncome": 4748000000,
        "operatingIncomeRatio": 0.2520303625457827,
        "totalOtherIncomeExpensesNet": 527000000,
        "incomeBeforeTax": 4748000000,
        "incomeBeforeTaxRatio": 0.2520303625457827,
        "incomeTaxExpense": 921000000,
        "netIncome": 3827000000,
        "netIncomeRatio": 0.20314241732576038,
        "eps": 1.3957,
        "epsdiluted": 1.3957,
        "weightedAverageShsOut": 2742000000,
        "weightedAverageShsOutDil": 2742000000,
        "link": "https://www.sec.gov/Archives/edgar/data/200406/000020040617000042/0000200406-17-000042-index.htm",
        "finalLink": "https://www.sec.gov/Archives/edgar/data/200406/000020040617000042/a2q10q07-02x17.htm"
    },
    {
        "date": "2017-04-02",
        "symbol": "JNJ",
        "reportedCurrency": "USD",
        "fillingDate": "2017-05-08",
        "acceptedDate": "2017-05-08 16:19:31",
        "period": "Q1",
        "revenue": 17766000000,
        "costOfRevenue": 5409000000,
        "grossProfit": 12357000000,
        "grossProfitRatio": 0.6955420466058764,
        "researchAndDevelopmentExpenses": 2075000000,
        "generalAndAdministrativeExpenses": 4763000000,
        "sellingAndMarketingExpenses": 0.0,
        "otherExpenses": -247000000,
        "operatingExpenses": 6782000000,
        "costAndExpenses": 12191000000,
        "interestExpense": 204000000,
        "depreciationAndAmortization": 912000000,
        "ebitda": 6487000000,
        "ebitdaratio": 0.3651356523696949,
        "operatingIncome": 5575000000,
        "operatingIncomeRatio": 0.31380164358887763,
        "totalOtherIncomeExpensesNet": -247000000,
        "incomeBeforeTax": 5575000000,
        "incomeBeforeTaxRatio": 0.31380164358887763,
        "incomeTaxExpense": 1153000000,
        "netIncome": 4422000000,
        "netIncomeRatio": 0.24890239783856805,
        "eps": 1.60508,
        "epsdiluted": 1.60508,
        "weightedAverageShsOut": 2755000000,
        "weightedAverageShsOutDil": 2755000000,
        "link": "https://www.sec.gov/Archives/edgar/data/200406/000020040617000024/0000200406-17-000024-index.htm",
        "finalLink": "https://www.sec.gov/Archives/edgar/data/200406/000020040617000006/form10-k20170101.htm"
    },
    {
        "date": "2017-01-01",
        "symbol": "JNJ",
        "reportedCurrency": "USD",
        "fillingDate": "2017-02-27",
        "acceptedDate": "2017-02-27 16:52:48",
        "period": "Q4",
        "revenue": 18106000000,
        "costOfRevenue": 5516000000,
        "grossProfit": 12590000000,
        "grossProfitRatio": 0.6953496078647962,
        "researchAndDevelopmentExpenses": 2640000000,
        "generalAndAdministrativeExpenses": -14636000000,
        "sellingAndMarketingExpenses": 19945000000,
        "otherExpenses": -110000000,
        "operatingExpenses": 8266000000,
        "costAndExpenses": 13782000000,
        "interestExpense": 184000000,
        "depreciationAndAmortization": 1055000000,
        "ebitda": 5379000000,
        "ebitdaratio": 0.2970838396111786,
        "operatingIncome": 4324000000,
        "operatingIncomeRatio": 0.23881586214514525,
        "totalOtherIncomeExpensesNet": -110000000,
        "incomeBeforeTax": 4324000000,
        "incomeBeforeTaxRatio": 0.23881586214514525,
        "incomeTaxExpense": 510000000,
        "netIncome": 3814000000,
        "netIncomeRatio": 0.2106484038440296,
        "eps": 1.37889,
        "epsdiluted": 1.37889,
        "weightedAverageShsOut": 2766000000,
        "weightedAverageShsOutDil": 2766000000,
        "link": "https://www.sec.gov/Archives/edgar/data/200406/000020040617000006/0000200406-17-000006-index.htm",
        "finalLink": "https://www.sec.gov/Archives/edgar/data/200406/000020040617000006/form10-k20170101.htm"
    },
    {
        "date": "2016-10-02",
        "symbol": "JNJ",
        "reportedCurrency": "USD",
        "fillingDate": "2016-11-04",
        "acceptedDate": "2016-11-04 16:03:27",
        "period": "Q3",
        "revenue": 17820000000,
        "costOfRevenue": 5483000000,
        "grossProfit": 12337000000,
        "grossProfitRatio": 0.6923120089786756,
        "researchAndDevelopmentExpenses": 2179000000,
        "generalAndAdministrativeExpenses": 4772000000,
        "sellingAndMarketingExpenses": 0.0,
        "otherExpenses": -63000000,
        "operatingExpenses": 7056000000,
        "costAndExpenses": 12539000000,
        "interestExpense": 192000000,
        "depreciationAndAmortization": 908000000,
        "ebitda": 6189000000,
        "ebitdaratio": 0.3473063973063973,
        "operatingIncome": 5281000000,
        "operatingIncomeRatio": 0.29635241301907966,
        "totalOtherIncomeExpensesNet": -63000000,
        "incomeBeforeTax": 5281000000,
        "incomeBeforeTaxRatio": 0.29635241301907966,
        "incomeTaxExpense": 1009000000,
        "netIncome": 4272000000,
        "netIncomeRatio": 0.23973063973063974,
        "eps": 1.53393,
        "epsdiluted": 1.53393,
        "weightedAverageShsOut": 2785000000,
        "weightedAverageShsOutDil": 2785000000,
        "link": "https://www.sec.gov/Archives/edgar/data/200406/000020040616000112/0000200406-16-000112-index.htm",
        "finalLink": "https://www.sec.gov/Archives/edgar/data/200406/000020040616000112/a3q10q10-02x16.htm"
    },
    {
        "date": "2016-07-03",
        "symbol": "JNJ",
        "reportedCurrency": "USD",
        "fillingDate": "2016-08-04",
        "acceptedDate": "2016-08-04 16:08:40",
        "period": "Q2",
        "revenue": 18482000000,
        "costOfRevenue": 5329000000,
        "grossProfit": 13153000000,
        "grossProfitRatio": 0.7116654041770372,
        "researchAndDevelopmentExpenses": 2263000000,
        "generalAndAdministrativeExpenses": 5176000000,
        "sellingAndMarketingExpenses": 0.0,
        "otherExpenses": 573000000,
        "operatingExpenses": 8249000000,
        "costAndExpenses": 13578000000,
        "interestExpense": 190000000,
        "depreciationAndAmortization": 900000000,
        "ebitda": 5804000000,
        "ebitdaratio": 0.3140352775673628,
        "operatingIncome": 4904000000,
        "operatingIncomeRatio": 0.26533924899902606,
        "totalOtherIncomeExpensesNet": 573000000,
        "incomeBeforeTax": 4904000000,
        "incomeBeforeTaxRatio": 0.26533924899902606,
        "incomeTaxExpense": 907000000,
        "netIncome": 3997000000,
        "netIncomeRatio": 0.2162644735418245,
        "eps": 1.43057,
        "epsdiluted": 1.43057,
        "weightedAverageShsOut": 2794000000,
        "weightedAverageShsOutDil": 2794000000,
        "link": "https://www.sec.gov/Archives/edgar/data/200406/000020040616000105/0000200406-16-000105-index.htm",
        "finalLink": "https://www.sec.gov/Archives/edgar/data/200406/000020040616000105/a2q10q7-03x16.htm"
    },
    {
        "date": "2016-04-03",
        "symbol": "JNJ",
        "reportedCurrency": "USD",
        "fillingDate": "2016-05-10",
        "acceptedDate": "2016-05-09 17:52:06",
        "period": "Q1",
        "revenue": 17482000000,
        "costOfRevenue": 5312000000,
        "grossProfit": 12170000000,
        "grossProfitRatio": 0.6961446058803341,
        "researchAndDevelopmentExpenses": 2013000000,
        "generalAndAdministrativeExpenses": 4688000000,
        "sellingAndMarketingExpenses": 0.0,
        "otherExpenses": -47000000,
        "operatingExpenses": 6876000000,
        "costAndExpenses": 12188000000,
        "interestExpense": 160000000,
        "depreciationAndAmortization": 891000000,
        "ebitda": 6185000000,
        "ebitdaratio": 0.3537924722571788,
        "operatingIncome": 5294000000,
        "operatingIncomeRatio": 0.30282576364260383,
        "totalOtherIncomeExpensesNet": -47000000,
        "incomeBeforeTax": 5294000000,
        "incomeBeforeTaxRatio": 0.30282576364260383,
        "incomeTaxExpense": 837000000,
        "netIncome": 4457000000,
        "netIncomeRatio": 0.2549479464592152,
        "eps": 1.58951,
        "epsdiluted": 1.58951,
        "weightedAverageShsOut": 2804000000,
        "weightedAverageShsOutDil": 2804000000,
        "link": "https://www.sec.gov/Archives/edgar/data/200406/000020040616000084/0000200406-16-000084-index.htm",
        "finalLink": "https://www.sec.gov/Archives/edgar/data/200406/000020040616000071/form10-k20160103.htm"
    },
    {
        "date": "2016-01-03",
        "symbol": "JNJ",
        "reportedCurrency": "USD",
        "fillingDate": "2016-02-24",
        "acceptedDate": "2016-02-24 16:58:53",
        "period": "Q4",
        "revenue": 17811000000,
        "costOfRevenue": 5673000000,
        "grossProfit": 12138000000,
        "grossProfitRatio": 0.6814889674919993,
        "researchAndDevelopmentExpenses": 2865000000,
        "generalAndAdministrativeExpenses": -15312000000,
        "sellingAndMarketingExpenses": 21203000000,
        "otherExpenses": -1138000000,
        "operatingExpenses": 8380000000,
        "costAndExpenses": 14053000000,
        "interestExpense": 160000000,
        "depreciationAndAmortization": 1033000000,
        "ebitda": 4791000000,
        "ebitdaratio": 0.2689910729324575,
        "operatingIncome": 3758000000,
        "operatingIncomeRatio": 0.21099320644545505,
        "totalOtherIncomeExpensesNet": -1138000000,
        "incomeBeforeTax": 3758000000,
        "incomeBeforeTaxRatio": 0.21099320644545505,
        "incomeTaxExpense": 543000000,
        "netIncome": 3215000000,
        "netIncomeRatio": 0.1805064286115322,
        "eps": 1.14821,
        "epsdiluted": 1.14821,
        "weightedAverageShsOut": 2800000000,
        "weightedAverageShsOutDil": 2800000000,
        "link": "https://www.sec.gov/Archives/edgar/data/200406/000020040616000071/0000200406-16-000071-index.htm",
        "finalLink": "https://www.sec.gov/Archives/edgar/data/200406/000020040616000071/form10-k20160103.htm"
    },
    {
        "date": "2015-09-27",
        "symbol": "JNJ",
        "reportedCurrency": "USD",
        "fillingDate": "2015-10-30",
        "acceptedDate": "2015-10-30 16:03:39",
        "period": "Q3",
        "revenue": 17102000000,
        "costOfRevenue": 5224000000,
        "grossProfit": 11878000000,
        "grossProfitRatio": 0.6945386504502398,
        "researchAndDevelopmentExpenses": 2154000000,
        "generalAndAdministrativeExpenses": 5081000000,
        "sellingAndMarketingExpenses": 0.0,
        "otherExpenses": 411000000,
        "operatingExpenses": 7756000000,
        "costAndExpenses": 12980000000,
        "interestExpense": 123000000,
        "depreciationAndAmortization": 929000000,
        "ebitda": 5051000000,
        "ebitdaratio": 0.2953455736171208,
        "operatingIncome": 4122000000,
        "operatingIncomeRatio": 0.24102444158577943,
        "totalOtherIncomeExpensesNet": 411000000,
        "incomeBeforeTax": 4122000000,
        "incomeBeforeTaxRatio": 0.24102444158577943,
        "incomeTaxExpense": 764000000,
        "netIncome": 3358000000,
        "netIncomeRatio": 0.1963513039410595,
        "eps": 1.19629,
        "epsdiluted": 1.19629,
        "weightedAverageShsOut": 2807000000,
        "weightedAverageShsOutDil": 2807000000,
        "link": "https://www.sec.gov/Archives/edgar/data/200406/000020040615000060/0000200406-15-000060-index.htm",
        "finalLink": "https://www.sec.gov/Archives/edgar/data/200406/000020040615000060/a3q10q9-27x15.htm"
    },
    {
        "date": "2015-06-28",
        "symbol": "JNJ",
        "reportedCurrency": "USD",
        "fillingDate": "2015-07-31",
        "acceptedDate": "2015-07-31 16:28:56",
        "period": "Q2",
        "revenue": 17787000000,
        "costOfRevenue": 5357000000,
        "grossProfit": 12430000000,
        "grossProfitRatio": 0.6988249845392702,
        "researchAndDevelopmentExpenses": 2129000000,
        "generalAndAdministrativeExpenses": 5384000000,
        "sellingAndMarketingExpenses": 0.0,
        "otherExpenses": -1054000000,
        "operatingExpenses": 6689000000,
        "costAndExpenses": 12046000000,
        "interestExpense": 131000000,
        "depreciationAndAmortization": 889000000,
        "ebitda": 6630000000,
        "ebitdaratio": 0.3727441389779052,
        "operatingIncome": 5741000000,
        "operatingIncomeRatio": 0.32276381627030976,
        "totalOtherIncomeExpensesNet": -1054000000,
        "incomeBeforeTax": 5741000000,
        "incomeBeforeTaxRatio": 0.32276381627030976,
        "incomeTaxExpense": 1225000000,
        "netIncome": 4516000000,
        "netIncomeRatio": 0.2538932928543318,
        "eps": 1.60597,
        "epsdiluted": 1.60597,
        "weightedAverageShsOut": 2812000000,
        "weightedAverageShsOutDil": 2812000000,
        "link": "https://www.sec.gov/Archives/edgar/data/200406/000020040615000044/0000200406-15-000044-index.htm",
        "finalLink": "https://www.sec.gov/Archives/edgar/data/200406/000020040615000044/a2q10q6-28x15.htm"
    },
    {
        "date": "2015-03-29",
        "symbol": "JNJ",
        "reportedCurrency": "USD",
        "fillingDate": "2015-05-01",
        "acceptedDate": "2015-05-01 16:13:55",
        "period": "Q1",
        "revenue": 17374000000,
        "costOfRevenue": 5282000000,
        "grossProfit": 12092000000,
        "grossProfitRatio": 0.6959825025900771,
        "researchAndDevelopmentExpenses": 1899000000,
        "generalAndAdministrativeExpenses": 4847000000,
        "sellingAndMarketingExpenses": 0.0,
        "otherExpenses": -264000000,
        "operatingExpenses": 6517000000,
        "costAndExpenses": 11799000000,
        "interestExpense": 138000000,
        "depreciationAndAmortization": 895000000,
        "ebitda": 6470000000,
        "ebitdaratio": 0.3723955335558881,
        "operatingIncome": 5575000000,
        "operatingIncomeRatio": 0.3208817773684816,
        "totalOtherIncomeExpensesNet": -264000000,
        "incomeBeforeTax": 5575000000,
        "incomeBeforeTaxRatio": 0.3208817773684816,
        "incomeTaxExpense": 1255000000,
        "netIncome": 4320000000,
        "netIncomeRatio": 0.2486474041671463,
        "eps": 1.52866,
        "epsdiluted": 1.52866,
        "weightedAverageShsOut": 2826000000,
        "weightedAverageShsOutDil": 2826000000,
        "link": "https://www.sec.gov/Archives/edgar/data/200406/000020040615000019/0000200406-15-000019-index.htm",
        "finalLink": "https://www.sec.gov/Archives/edgar/data/200406/000020040615000004/a2014122810-k.htm"
    },
    {
        "date": "2014-12-28",
        "symbol": "JNJ",
        "reportedCurrency": "USD",
        "fillingDate": "2015-02-24",
        "acceptedDate": "2015-02-23 19:11:03",
        "period": "Q4",
        "revenue": 18254000000,
        "costOfRevenue": 5853000000,
        "grossProfit": 12401000000,
        "grossProfitRatio": 0.6793579489426975,
        "researchAndDevelopmentExpenses": 2636000000,
        "generalAndAdministrativeExpenses": -16132000000,
        "sellingAndMarketingExpenses": 21954000000,
        "otherExpenses": 1006000000,
        "operatingExpenses": 9698000000,
        "costAndExpenses": 15551000000,
        "interestExpense": 139000000,
        "depreciationAndAmortization": 991000000,
        "ebitda": 3694000000,
        "ebitdaratio": 0.20236660457981812,
        "operatingIncome": 2703000000,
        "operatingIncomeRatio": 0.14807713377889778,
        "totalOtherIncomeExpensesNet": 1006000000,
        "incomeBeforeTax": 2703000000,
        "incomeBeforeTaxRatio": 0.14807713377889778,
        "incomeTaxExpense": 182000000,
        "netIncome": 2521000000,
        "netIncomeRatio": 0.1381067163361455,
        "eps": 0.88705,
        "epsdiluted": 0.88705,
        "weightedAverageShsOut": 2842000000,
        "weightedAverageShsOutDil": 2842000000,
        "link": "https://www.sec.gov/Archives/edgar/data/200406/000020040615000004/0000200406-15-000004-index.htm",
        "finalLink": "https://www.sec.gov/Archives/edgar/data/200406/000020040615000004/a2014122810-k.htm"
    },
    {
        "date": "2014-09-28",
        "symbol": "JNJ",
        "reportedCurrency": "USD",
        "fillingDate": "2014-10-30",
        "acceptedDate": "2014-10-30 17:09:48",
        "period": "Q3",
        "revenue": 18467000000,
        "costOfRevenue": 5399000000,
        "grossProfit": 13068000000,
        "grossProfitRatio": 0.7076406563058428,
        "researchAndDevelopmentExpenses": 2023000000,
        "generalAndAdministrativeExpenses": 5468000000,
        "sellingAndMarketingExpenses": 0.0,
        "otherExpenses": -1347000000,
        "operatingExpenses": 6258000000,
        "costAndExpenses": 11657000000,
        "interestExpense": 130000000,
        "depreciationAndAmortization": 939000000,
        "ebitda": 7749000000,
        "ebitdaratio": 0.4196133643797043,
        "operatingIncome": 6810000000,
        "operatingIncomeRatio": 0.3687659067525857,
        "totalOtherIncomeExpensesNet": -1347000000,
        "incomeBeforeTax": 6810000000,
        "incomeBeforeTaxRatio": 0.3687659067525857,
        "incomeTaxExpense": 2061000000,
        "netIncome": 4749000000,
        "netIncomeRatio": 0.2571614230790058,
        "eps": 1.65817,
        "epsdiluted": 1.65817,
        "weightedAverageShsOut": 2864000000,
        "weightedAverageShsOutDil": 2864000000,
        "link": "https://www.sec.gov/Archives/edgar/data/200406/000020040614000097/0000200406-14-000097-index.htm",
        "finalLink": "https://www.sec.gov/Archives/edgar/data/200406/000020040614000097/a3q10q9-28x14.htm"
    },
    {
        "date": "2014-06-29",
        "symbol": "JNJ",
        "reportedCurrency": "USD",
        "fillingDate": "2014-08-01",
        "acceptedDate": "2014-08-01 16:57:55",
        "period": "Q2",
        "revenue": 19495000000,
        "costOfRevenue": 6039000000,
        "grossProfit": 13456000000,
        "grossProfitRatio": 0.690228263657348,
        "researchAndDevelopmentExpenses": 2005000000,
        "generalAndAdministrativeExpenses": 5481000000,
        "sellingAndMarketingExpenses": 0.0,
        "otherExpenses": 172000000,
        "operatingExpenses": 7830000000,
        "costAndExpenses": 13869000000,
        "interestExpense": 128000000,
        "depreciationAndAmortization": 952000000,
        "ebitda": 6578000000,
        "ebitdaratio": 0.3374198512439087,
        "operatingIncome": 5626000000,
        "operatingIncomeRatio": 0.2885868171325981,
        "totalOtherIncomeExpensesNet": 172000000,
        "incomeBeforeTax": 5626000000,
        "incomeBeforeTaxRatio": 0.2885868171325981,
        "incomeTaxExpense": 1300000000,
        "netIncome": 4326000000,
        "netIncomeRatio": 0.22190305206463196,
        "eps": 1.49585,
        "epsdiluted": 1.49585,
        "weightedAverageShsOut": 2892000000,
        "weightedAverageShsOutDil": 2892000000,
        "link": "https://www.sec.gov/Archives/edgar/data/200406/000020040614000089/0000200406-14-000089-index.htm",
        "finalLink": "https://www.sec.gov/Archives/edgar/data/200406/000020040614000089/a2q10q6-29x14.htm"
    },
    {
        "date": "2014-03-30",
        "symbol": "JNJ",
        "reportedCurrency": "USD",
        "fillingDate": "2014-05-02",
        "acceptedDate": "2014-05-02 16:09:37",
        "period": "Q1",
        "revenue": 18115000000,
        "costOfRevenue": 5455000000,
        "grossProfit": 12660000000,
        "grossProfitRatio": 0.69886834115374,
        "researchAndDevelopmentExpenses": 1830000000,
        "generalAndAdministrativeExpenses": 5183000000,
        "sellingAndMarketingExpenses": 0.0,
        "otherExpenses": 94000000,
        "operatingExpenses": 7236000000,
        "costAndExpenses": 12691000000,
        "interestExpense": 136000000,
        "depreciationAndAmortization": 1013000000,
        "ebitda": 6437000000,
        "ebitdaratio": 0.3553408777256417,
        "operatingIncome": 5424000000,
        "operatingIncomeRatio": 0.2994203698592327,
        "totalOtherIncomeExpensesNet": 94000000,
        "incomeBeforeTax": 5424000000,
        "incomeBeforeTaxRatio": 0.2994203698592327,
        "incomeTaxExpense": 697000000,
        "netIncome": 4727000000,
        "netIncomeRatio": 0.2609439690863925,
        "eps": 1.64417,
        "epsdiluted": 1.64417,
        "weightedAverageShsOut": 2875000000,
        "weightedAverageShsOutDil": 2875000000,
        "link": "https://www.sec.gov/Archives/edgar/data/200406/000020040614000047/0000200406-14-000047-index.htm",
        "finalLink": "https://www.sec.gov/Archives/edgar/data/200406/000020040614000033/a2013122910-k.htm"
    },
    {
        "date": "2013-12-29",
        "symbol": "JNJ",
        "reportedCurrency": "USD",
        "fillingDate": "2014-02-21",
        "acceptedDate": "2014-02-21 14:29:51",
        "period": "Q4",
        "revenue": 18355000000,
        "costOfRevenue": 5955000000,
        "grossProfit": 12400000000,
        "grossProfitRatio": 0.6755652410787252,
        "researchAndDevelopmentExpenses": 2418000000,
        "generalAndAdministrativeExpenses": 0.0,
        "sellingAndMarketingExpenses": 5917000000,
        "otherExpenses": 885000000,
        "operatingExpenses": 9650000000,
        "costAndExpenses": 15605000000,
        "interestExpense": 134000000,
        "depreciationAndAmortization": 1102000000,
        "ebitda": 3852000000,
        "ebitdaratio": 0.20986107327703624,
        "operatingIncome": 2750000000,
        "operatingIncomeRatio": 0.14982293652955597,
        "totalOtherIncomeExpensesNet": 885000000,
        "incomeBeforeTax": 2750000000,
        "incomeBeforeTaxRatio": 0.14982293652955597,
        "incomeTaxExpense": -769000000,
        "netIncome": 3519000000,
        "netIncomeRatio": 0.19171887769000273,
        "eps": 1.22571,
        "epsdiluted": 1.22571,
        "weightedAverageShsOut": 2871000000,
        "weightedAverageShsOutDil": 2871000000,
        "link": "https://www.sec.gov/Archives/edgar/data/200406/000020040614000033/0000200406-14-000033-index.htm",
        "finalLink": "https://www.sec.gov/Archives/edgar/data/200406/000020040614000033/a2013122910-k.htm"
    },
    {
        "date": "2013-09-29",
        "symbol": "JNJ",
        "reportedCurrency": "USD",
        "fillingDate": "2013-11-04",
        "acceptedDate": "2013-11-04 16:40:59",
        "period": "Q3",
        "revenue": 17575000000,
        "costOfRevenue": 5344000000,
        "grossProfit": 12231000000,
        "grossProfitRatio": 0.6959317211948791,
        "researchAndDevelopmentExpenses": 2042000000,
        "generalAndAdministrativeExpenses": -10599000000,
        "sellingAndMarketingExpenses": 15913000000,
        "otherExpenses": 943000000,
        "operatingExpenses": 8564000000,
        "costAndExpenses": 13908000000,
        "interestExpense": 105000000,
        "depreciationAndAmortization": 976000000,
        "ebitda": 4643000000,
        "ebitdaratio": 0.26418207681365574,
        "operatingIncome": 3667000000,
        "operatingIncomeRatio": 0.20864864864864865,
        "totalOtherIncomeExpensesNet": 943000000,
        "incomeBeforeTax": 3667000000,
        "incomeBeforeTaxRatio": 0.20864864864864865,
        "incomeTaxExpense": 685000000,
        "netIncome": 2982000000,
        "netIncomeRatio": 0.1696728307254623,
        "eps": 1.03506,
        "epsdiluted": 1.03506,
        "weightedAverageShsOut": 2881000000,
        "weightedAverageShsOutDil": 2881000000,
        "link": "https://www.sec.gov/Archives/edgar/data/200406/000020040613000112/0000200406-13-000112-index.htm",
        "finalLink": "https://www.sec.gov/Archives/edgar/data/200406/000020040613000112/a3q10q9-29x13.htm"
    },
    {
        "date": "2013-06-30",
        "symbol": "JNJ",
        "reportedCurrency": "USD",
        "fillingDate": "2013-08-01",
        "acceptedDate": "2013-08-01 16:35:28",
        "period": "Q2",
        "revenue": 17877000000,
        "costOfRevenue": 5489000000,
        "grossProfit": 12388000000,
        "grossProfitRatio": 0.692957431336354,
        "researchAndDevelopmentExpenses": 1946000000,
        "generalAndAdministrativeExpenses": 0.0,
        "sellingAndMarketingExpenses": 0.0,
        "otherExpenses": -172000000,
        "operatingExpenses": 7322000000,
        "costAndExpenses": 12811000000,
        "interestExpense": 118000000,
        "depreciationAndAmortization": 990000000,
        "ebitda": 6056000000,
        "ebitdaratio": 0.33875929965877943,
        "operatingIncome": 5066000000,
        "operatingIncomeRatio": 0.28338088046092746,
        "totalOtherIncomeExpensesNet": -172000000,
        "incomeBeforeTax": 4793000000,
        "incomeBeforeTaxRatio": 0.268109861833641,
        "incomeTaxExpense": 960000000,
        "netIncome": 3833000000,
        "netIncomeRatio": 0.21440957655087542,
        "eps": 1.362027,
        "epsdiluted": 1.33,
        "weightedAverageShsOut": 2814188000,
        "weightedAverageShsOutDil": 2893000000,
        "link": "https://www.sec.gov/Archives/edgar/data/200406/000020040613000091/0000200406-13-000091-index.htm",
        "finalLink": "https://www.sec.gov/Archives/edgar/data/200406/000020040613000091/a2q10q6-30x13.htm"
    },
    {
        "date": "2013-03-31",
        "symbol": "JNJ",
        "reportedCurrency": "USD",
        "fillingDate": "2013-05-03",
        "acceptedDate": "2013-05-03 16:03:53",
        "period": "Q1",
        "revenue": 17505000000,
        "costOfRevenue": 5554000000,
        "grossProfit": 11951000000,
        "grossProfitRatio": 0.6827192230791203,
        "researchAndDevelopmentExpenses": 1848000000,
        "generalAndAdministrativeExpenses": 0.0,
        "sellingAndMarketingExpenses": 0.0,
        "otherExpenses": -515000000,
        "operatingExpenses": 7071000000,
        "costAndExpenses": 12625000000,
        "interestExpense": 125000000,
        "depreciationAndAmortization": 1036000000,
        "ebitda": 5916000000,
        "ebitdaratio": 0.3379605826906598,
        "operatingIncome": 4880000000,
        "operatingIncomeRatio": 0.2787774921451014,
        "totalOtherIncomeExpensesNet": -515000000,
        "incomeBeforeTax": 4261000000,
        "incomeBeforeTaxRatio": 0.243416166809483,
        "incomeTaxExpense": 764000000,
        "netIncome": 3497000000,
        "netIncomeRatio": 0.19977149385889745,
        "eps": 1.247519,
        "epsdiluted": 1.22,
        "weightedAverageShsOut": 2803164000,
        "weightedAverageShsOutDil": 2858800000,
        "link": "https://www.sec.gov/Archives/edgar/data/200406/000020040613000057/0000200406-13-000057-index.htm",
        "finalLink": "https://www.sec.gov/Archives/edgar/data/200406/000020040613000038/a2012123010-k.htm"
    },
    {
        "date": "2012-12-30",
        "symbol": "JNJ",
        "reportedCurrency": "USD",
        "fillingDate": "2013-02-22",
        "acceptedDate": "2013-02-21 18:44:12",
        "period": "Q4",
        "revenue": 17558000000,
        "costOfRevenue": 6003000000,
        "grossProfit": 11555000000,
        "grossProfitRatio": 0.658104567718419,
        "researchAndDevelopmentExpenses": 2331000000,
        "generalAndAdministrativeExpenses": 0.0,
        "sellingAndMarketingExpenses": 5661000000,
        "otherExpenses": 319000000,
        "operatingExpenses": 8455000000,
        "costAndExpenses": 14458000000,
        "interestExpense": 107000000,
        "depreciationAndAmortization": 1036000000,
        "ebitda": 4136000000,
        "ebitdaratio": 0.23556213691764438,
        "operatingIncome": 3100000000,
        "operatingIncomeRatio": 0.1765576944982344,
        "totalOtherIncomeExpensesNet": 310000000,
        "incomeBeforeTax": 3100000000,
        "incomeBeforeTaxRatio": 0.1765576944982344,
        "incomeTaxExpense": 533000000,
        "netIncome": 2567000000,
        "netIncomeRatio": 0.146201161863538,
        "eps": 0.89787,
        "epsdiluted": 0.89787,
        "weightedAverageShsOut": 2859000000,
        "weightedAverageShsOutDil": 2859000000,
        "link": "https://www.sec.gov/Archives/edgar/data/200406/000020040613000038/0000200406-13-000038-index.htm",
        "finalLink": "https://www.sec.gov/Archives/edgar/data/200406/000020040613000038/a2012123010-k.htm"
    },
    {
        "date": "2012-09-30",
        "symbol": "JNJ",
        "reportedCurrency": "USD",
        "fillingDate": "2012-11-09",
        "acceptedDate": "2012-11-08 18:28:56",
        "period": "Q3",
        "revenue": 17052000000,
        "costOfRevenue": 5597000000,
        "grossProfit": 11455000000,
        "grossProfitRatio": 0.6717687074829932,
        "researchAndDevelopmentExpenses": 1923000000,
        "generalAndAdministrativeExpenses": 0.0,
        "sellingAndMarketingExpenses": 0.0,
        "otherExpenses": 0.0,
        "operatingExpenses": 7151000000,
        "costAndExpenses": 12748000000,
        "interestExpense": 135000000,
        "depreciationAndAmortization": 1005000000,
        "ebitda": 5309000000,
        "ebitdaratio": 0.3113417780905466,
        "operatingIncome": 4304000000,
        "operatingIncomeRatio": 0.252404410039878,
        "totalOtherIncomeExpensesNet": -589000000,
        "incomeBeforeTax": 3595000000,
        "incomeBeforeTaxRatio": 0.2108257095941825,
        "incomeTaxExpense": 966000000,
        "netIncome": 2968000000,
        "netIncomeRatio": 0.17405582922824303,
        "eps": 1.074367,
        "epsdiluted": 1.05,
        "weightedAverageShsOut": 2762558000,
        "weightedAverageShsOutDil": 2818100000,
        "link": "https://www.sec.gov/Archives/edgar/data/200406/000020040612000140/0000200406-12-000140-index.htm",
        "finalLink": "https://www.sec.gov/Archives/edgar/data/200406/000020040612000140/jnj3q930201210q.htm"
    },
    {
        "date": "2012-07-01",
        "symbol": "JNJ",
        "reportedCurrency": "USD",
        "fillingDate": "2012-08-02",
        "acceptedDate": "2012-08-01 17:40:10",
        "period": "Q2",
        "revenue": 16475000000,
        "costOfRevenue": 5143000000,
        "grossProfit": 11332000000,
        "grossProfitRatio": 0.6878300455235205,
        "researchAndDevelopmentExpenses": 1766000000,
        "generalAndAdministrativeExpenses": 4965000000,
        "sellingAndMarketingExpenses": 0.0,
        "otherExpenses": 1991000000,
        "operatingExpenses": 9297000000,
        "costAndExpenses": 14440000000,
        "interestExpense": 143000000,
        "depreciationAndAmortization": 852000000,
        "ebitda": 2887000000,
        "ebitdaratio": 0.17523520485584218,
        "operatingIncome": 2035000000,
        "operatingIncomeRatio": 0.1235204855842185,
        "totalOtherIncomeExpensesNet": 1991000000,
        "incomeBeforeTax": 2035000000,
        "incomeBeforeTaxRatio": 0.1235204855842185,
        "incomeTaxExpense": 627000000,
        "netIncome": 1408000000,
        "netIncomeRatio": 0.08546282245827011,
        "eps": 0.50322,
        "epsdiluted": 0.50322,
        "weightedAverageShsOut": 2798000000,
        "weightedAverageShsOutDil": 2798000000,
        "link": "https://www.sec.gov/Archives/edgar/data/200406/000020040612000119/0000200406-12-000119-index.htm",
        "finalLink": "https://www.sec.gov/Archives/edgar/data/200406/000020040612000119/jnj2q71201210q.htm"
    },
    {
        "date": "2012-04-01",
        "symbol": "JNJ",
        "reportedCurrency": "USD",
        "fillingDate": "2012-05-07",
        "acceptedDate": "2012-05-07 16:59:07",
        "period": "Q1",
        "revenue": 16139000000,
        "costOfRevenue": 4915000000,
        "grossProfit": 11224000000,
        "grossProfitRatio": 0.6954582068281802,
        "researchAndDevelopmentExpenses": 1645000000,
        "generalAndAdministrativeExpenses": 5015000000,
        "sellingAndMarketingExpenses": 0.0,
        "otherExpenses": -620000000,
        "operatingExpenses": 6179000000,
        "costAndExpenses": 11094000000,
        "interestExpense": 147000000,
        "depreciationAndAmortization": 773000000,
        "ebitda": 5818000000,
        "ebitdaratio": 0.3604932151930107,
        "operatingIncome": 5045000000,
        "operatingIncomeRatio": 0.312596815168226,
        "totalOtherIncomeExpensesNet": -620000000,
        "incomeBeforeTax": 5045000000,
        "incomeBeforeTaxRatio": 0.312596815168226,
        "incomeTaxExpense": 1135000000,
        "netIncome": 3910000000,
        "netIncomeRatio": 0.24227027696883327,
        "eps": 1.40901,
        "epsdiluted": 1.40901,
        "weightedAverageShsOut": 2775000000,
        "weightedAverageShsOutDil": 2775000000,
        "link": "https://www.sec.gov/Archives/edgar/data/200406/000020040612000081/0000200406-12-000081-index.htm",
        "finalLink": "https://www.sec.gov/Archives/edgar/data/200406/000119312512075565/d281803d10k.htm"
    },
    {
        "date": "2012-01-01",
        "symbol": "JNJ",
        "reportedCurrency": "USD",
        "fillingDate": "2012-02-23",
        "acceptedDate": "2012-02-23 17:11:21",
        "period": "Q4",
        "revenue": 16255000000,
        "costOfRevenue": 5425000000,
        "grossProfit": 10830000000,
        "grossProfitRatio": 0.666256536450323,
        "researchAndDevelopmentExpenses": 2155000000,
        "generalAndAdministrativeExpenses": 0.0,
        "sellingAndMarketingExpenses": 5458000000,
        "otherExpenses": 2888000000,
        "operatingExpenses": 10505000000,
        "costAndExpenses": 15930000000,
        "interestExpense": 571000000,
        "depreciationAndAmortization": 843000000,
        "ebitda": 1168000000,
        "ebitdaratio": 0.07185481390341433,
        "operatingIncome": 325000000,
        "operatingIncomeRatio": 0.019993848046754845,
        "totalOtherIncomeExpensesNet": 2975000000,
        "incomeBeforeTax": 325000000,
        "incomeBeforeTaxRatio": 0.019993848046754845,
        "incomeTaxExpense": 100000000,
        "netIncome": 225000000,
        "netIncomeRatio": 0.013841894801599508,
        "eps": 0.08126,
        "epsdiluted": 0.08126,
        "weightedAverageShsOut": 2769000000,
        "weightedAverageShsOutDil": 2769000000,
        "link": "https://www.sec.gov/Archives/edgar/data/200406/000119312512075565/0001193125-12-075565-index.htm",
        "finalLink": "https://www.sec.gov/Archives/edgar/data/200406/000119312512075565/d281803d10k.htm"
    },
    {
        "date": "2011-10-02",
        "symbol": "JNJ",
        "reportedCurrency": "USD",
        "fillingDate": "2011-11-08",
        "acceptedDate": "2011-11-08 16:03:17",
        "period": "Q3",
        "revenue": 16005000000,
        "costOfRevenue": 5072000000,
        "grossProfit": 10933000000,
        "grossProfitRatio": 0.6830990315526398,
        "researchAndDevelopmentExpenses": 1773000000,
        "generalAndAdministrativeExpenses": 0.0,
        "sellingAndMarketingExpenses": 5240000000,
        "otherExpenses": 260000000,
        "operatingExpenses": 6822000000,
        "costAndExpenses": 11894000000,
        "interestExpense": 0.0,
        "depreciationAndAmortization": 783000000,
        "ebitda": 4894000000,
        "ebitdaratio": 0.3057794439237738,
        "operatingIncome": 4111000000,
        "operatingIncomeRatio": 0.2568572321149641,
        "totalOtherIncomeExpensesNet": 260000000,
        "incomeBeforeTax": 4111000000,
        "incomeBeforeTaxRatio": 0.2568572321149641,
        "incomeTaxExpense": 909000000,
        "netIncome": 3202000000,
        "netIncomeRatio": 0.20006248047485162,
        "eps": 1.15263,
        "epsdiluted": 1.15263,
        "weightedAverageShsOut": 2778000000,
        "weightedAverageShsOutDil": 2778000000,
        "link": "https://www.sec.gov/Archives/edgar/data/200406/000095012311096471/0000950123-11-096471-index.htm",
        "finalLink": "https://www.sec.gov/Archives/edgar/data/200406/000095012311096471/y93154e10vq.htm"
    },
    {
        "date": "2011-07-03",
        "symbol": "JNJ",
        "reportedCurrency": "USD",
        "fillingDate": "2011-08-09",
        "acceptedDate": "2011-08-09 16:16:33",
        "period": "Q2",
        "revenue": 16597000000,
        "costOfRevenue": 5085000000,
        "grossProfit": 11512000000,
        "grossProfitRatio": 0.6936193287943604,
        "researchAndDevelopmentExpenses": 1882000000,
        "generalAndAdministrativeExpenses": 0.0,
        "sellingAndMarketingExpenses": 5215000000,
        "otherExpenses": 199000000,
        "operatingExpenses": 8090000000,
        "costAndExpenses": 13175000000,
        "interestExpense": 0.0,
        "depreciationAndAmortization": 777000000,
        "ebitda": 4199000000,
        "ebitdaratio": 0.2529975296740375,
        "operatingIncome": 3422000000,
        "operatingIncomeRatio": 0.20618184009158283,
        "totalOtherIncomeExpensesNet": 199000000,
        "incomeBeforeTax": 3422000000,
        "incomeBeforeTaxRatio": 0.20618184009158283,
        "incomeTaxExpense": 646000000,
        "netIncome": 2776000000,
        "netIncomeRatio": 0.16725914321865398,
        "eps": 0.9982,
        "epsdiluted": 0.9982,
        "weightedAverageShsOut": 2781000000,
        "weightedAverageShsOutDil": 2781000000,
        "link": "https://www.sec.gov/Archives/edgar/data/200406/000095012311075098/0000950123-11-075098-index.htm",
        "finalLink": "https://www.sec.gov/Archives/edgar/data/200406/000095012311075098/y91358e10vq.htm"
    },
    {
        "date": "2011-04-03",
        "symbol": "JNJ",
        "reportedCurrency": "USD",
        "fillingDate": "2011-05-10",
        "acceptedDate": "2011-05-10 14:05:22",
        "period": "Q1",
        "revenue": 16173000000,
        "costOfRevenue": 4778000000,
        "grossProfit": 11395000000,
        "grossProfitRatio": 0.7045693439683423,
        "researchAndDevelopmentExpenses": 1738000000,
        "generalAndAdministrativeExpenses": 0.0,
        "sellingAndMarketingExpenses": 5056000000,
        "otherExpenses": 2000000.0,
        "operatingExpenses": 6885000000,
        "costAndExpenses": 11663000000,
        "interestExpense": 0.0,
        "depreciationAndAmortization": 755000000,
        "ebitda": 5265000000,
        "ebitdaratio": 0.32554257095158595,
        "operatingIncome": 4510000000,
        "operatingIncomeRatio": 0.278859828108576,
        "totalOtherIncomeExpensesNet": 2000000.0,
        "incomeBeforeTax": 4510000000,
        "incomeBeforeTaxRatio": 0.278859828108576,
        "incomeTaxExpense": 1034000000,
        "netIncome": 3476000000,
        "netIncomeRatio": 0.21492611142026835,
        "eps": 1.25352,
        "epsdiluted": 1.25352,
        "weightedAverageShsOut": 2773000000,
        "weightedAverageShsOutDil": 2773000000,
        "link": "https://www.sec.gov/Archives/edgar/data/200406/000095012311048125/0000950123-11-048125-index.htm",
        "finalLink": "https://www.sec.gov/Archives/edgar/data/200406/000095012311018128/y86310ke10vk.htm"
    },
    {
        "date": "2011-01-02",
        "symbol": "JNJ",
        "reportedCurrency": "USD",
        "fillingDate": "2011-02-25",
        "acceptedDate": "2011-02-24 21:48:40",
        "period": "Q4",
        "revenue": 15644000000,
        "costOfRevenue": 5040000000,
        "grossProfit": 10604000000,
        "grossProfitRatio": 0.6778317565839939,
        "researchAndDevelopmentExpenses": 1982000000,
        "generalAndAdministrativeExpenses": 0.0,
        "sellingAndMarketingExpenses": 5180000000,
        "otherExpenses": 1100000000,
        "operatingExpenses": 8376000000,
        "costAndExpenses": 13416000000,
        "interestExpense": 0.0,
        "depreciationAndAmortization": 769000000,
        "ebitda": 2997000000,
        "ebitdaratio": 0.19157504474558937,
        "operatingIncome": 2228000000,
        "operatingIncomeRatio": 0.1424188187164408,
        "totalOtherIncomeExpensesNet": 1100000000,
        "incomeBeforeTax": 2228000000,
        "incomeBeforeTaxRatio": 0.1424188187164408,
        "incomeTaxExpense": 286000000,
        "netIncome": 1942000000,
        "netIncomeRatio": 0.12413704934799284,
        "eps": 0.69806,
        "epsdiluted": 0.69806,
        "weightedAverageShsOut": 2782000000,
        "weightedAverageShsOutDil": 2782000000,
        "link": "https://www.sec.gov/Archives/edgar/data/200406/000095012311018128/0000950123-11-018128-index.htm",
        "finalLink": "https://www.sec.gov/Archives/edgar/data/200406/000095012311018128/y86310ke10vk.htm"
    },
    {
        "date": "2010-10-03",
        "symbol": "JNJ",
        "reportedCurrency": "USD",
        "fillingDate": "2010-11-10",
        "acceptedDate": "2010-11-10 14:29:23",
        "period": "Q3",
        "revenue": 14982000000,
        "costOfRevenue": 4594000000,
        "grossProfit": 10388000000,
        "grossProfitRatio": 0.6933653717794687,
        "researchAndDevelopmentExpenses": 1657000000,
        "generalAndAdministrativeExpenses": 0.0,
        "sellingAndMarketingExpenses": 4709000000,
        "otherExpenses": -292000000,
        "operatingExpenses": 6169000000,
        "costAndExpenses": 10763000000,
        "interestExpense": 0.0,
        "depreciationAndAmortization": 725000000,
        "ebitda": 4944000000,
        "ebitdaratio": 0.32999599519423306,
        "operatingIncome": 4219000000,
        "operatingIncomeRatio": 0.2816045921772794,
        "totalOtherIncomeExpensesNet": -292000000,
        "incomeBeforeTax": 4219000000,
        "incomeBeforeTaxRatio": 0.2816045921772794,
        "incomeTaxExpense": 802000000,
        "netIncome": 3417000000,
        "netIncomeRatio": 0.22807368842611134,
        "eps": 1.22649,
        "epsdiluted": 1.22649,
        "weightedAverageShsOut": 2786000000,
        "weightedAverageShsOutDil": 2786000000,
        "link": "https://www.sec.gov/Archives/edgar/data/200406/000095012310103817/0000950123-10-103817-index.htm",
        "finalLink": "https://www.sec.gov/Archives/edgar/data/200406/000095012310103817/y86465e10vq.htm"
    },
    {
        "date": "2010-07-04",
        "symbol": "JNJ",
        "reportedCurrency": "USD",
        "fillingDate": "2010-08-11",
        "acceptedDate": "2010-08-11 14:22:58",
        "period": "Q2",
        "revenue": 15330000000,
        "costOfRevenue": 4630000000,
        "grossProfit": 10700000000,
        "grossProfitRatio": 0.6979778212654925,
        "researchAndDevelopmentExpenses": 1648000000,
        "generalAndAdministrativeExpenses": 0.0,
        "sellingAndMarketingExpenses": 4756000000,
        "otherExpenses": 18000000,
        "operatingExpenses": 6480000000,
        "costAndExpenses": 11110000000,
        "interestExpense": 0.0,
        "depreciationAndAmortization": 711000000,
        "ebitda": 4931000000,
        "ebitdaratio": 0.3216568819308545,
        "operatingIncome": 4220000000,
        "operatingIncomeRatio": 0.27527723418134376,
        "totalOtherIncomeExpensesNet": 18000000,
        "incomeBeforeTax": 4220000000,
        "incomeBeforeTaxRatio": 0.27527723418134376,
        "incomeTaxExpense": 771000000,
        "netIncome": 3449000000,
        "netIncomeRatio": 0.22498369210697977,
        "eps": 1.23355,
        "epsdiluted": 1.23355,
        "weightedAverageShsOut": 2796000000,
        "weightedAverageShsOutDil": 2796000000,
        "link": "https://www.sec.gov/Archives/edgar/data/200406/000095012310076076/0000950123-10-076076-index.htm",
        "finalLink": "https://www.sec.gov/Archives/edgar/data/200406/000095012310076076/y84968e10vq.htm"
    },
    {
        "date": "2010-04-04",
        "symbol": "JNJ",
        "reportedCurrency": "USD",
        "fillingDate": "2010-05-10",
        "acceptedDate": "2010-05-10 17:04:51",
        "period": "Q1",
        "revenue": 15631000000,
        "costOfRevenue": 4528000000,
        "grossProfit": 11103000000,
        "grossProfitRatio": 0.7103192374128334,
        "researchAndDevelopmentExpenses": 1557000000,
        "generalAndAdministrativeExpenses": 0.0,
        "sellingAndMarketingExpenses": 4779000000,
        "otherExpenses": -1594000000,
        "operatingExpenses": 4823000000,
        "costAndExpenses": 9351000000,
        "interestExpense": 0.0,
        "depreciationAndAmortization": 734000000,
        "ebitda": 7014000000,
        "ebitdaratio": 0.44872369010300045,
        "operatingIncome": 6280000000,
        "operatingIncomeRatio": 0.4017657219627663,
        "totalOtherIncomeExpensesNet": -1594000000,
        "incomeBeforeTax": 6280000000,
        "incomeBeforeTaxRatio": 0.4017657219627663,
        "incomeTaxExpense": 1754000000,
        "netIncome": 4526000000,
        "netIncomeRatio": 0.2895528117202994,
        "eps": 1.61816,
        "epsdiluted": 1.61816,
        "weightedAverageShsOut": 2797000000,
        "weightedAverageShsOutDil": 2797000000,
        "link": "https://www.sec.gov/Archives/edgar/data/200406/000095012310047299/0000950123-10-047299-index.htm",
        "finalLink": "https://www.sec.gov/Archives/edgar/data/200406/000095012310019392/y80744e10vk.htm"
    },
    {
        "date": "2010-01-03",
        "symbol": "JNJ",
        "reportedCurrency": "USD",
        "fillingDate": "2010-03-01",
        "acceptedDate": "2010-03-01 16:50:02",
        "period": "Q4",
        "revenue": 16551000000,
        "costOfRevenue": 5312000000,
        "grossProfit": 11239000000,
        "grossProfitRatio": 0.67905262521902,
        "researchAndDevelopmentExpenses": 2213000000,
        "generalAndAdministrativeExpenses": 0.0,
        "sellingAndMarketingExpenses": 5629000000,
        "otherExpenses": -361000000,
        "operatingExpenses": 8635000000,
        "costAndExpenses": 13947000000,
        "interestExpense": -93000000,
        "depreciationAndAmortization": 744000000,
        "ebitda": 3348000000,
        "ebitdaratio": 0.20228384991843393,
        "operatingIncome": 2604000000,
        "operatingIncomeRatio": 0.15733188326989306,
        "totalOtherIncomeExpensesNet": -361000000,
        "incomeBeforeTax": 2604000000,
        "incomeBeforeTaxRatio": 0.15733188326989306,
        "incomeTaxExpense": 398000000,
        "netIncome": 2206000000,
        "netIncomeRatio": 0.13328499788532414,
        "eps": 0.7887,
        "epsdiluted": 0.7887,
        "weightedAverageShsOut": 2797000000,
        "weightedAverageShsOutDil": 2797000000,
        "link": "https://www.sec.gov/Archives/edgar/data/200406/000095012310019392/0000950123-10-019392-index.htm",
        "finalLink": "https://www.sec.gov/Archives/edgar/data/200406/000095012310019392/y80744e10vk.htm"
    },
    {
        "date": "2009-09-27",
        "symbol": "JNJ",
        "reportedCurrency": "USD",
        "fillingDate": "2009-11-04",
        "acceptedDate": "2009-11-04 16:36:51",
        "period": "Q3",
        "revenue": 15081000000,
        "costOfRevenue": 4434000000,
        "grossProfit": 10647000000,
        "grossProfitRatio": 0.705987666600358,
        "researchAndDevelopmentExpenses": 1617000000,
        "generalAndAdministrativeExpenses": 0.0,
        "sellingAndMarketingExpenses": 4767000000,
        "otherExpenses": -96000000,
        "operatingExpenses": 6402000000,
        "costAndExpenses": 10836000000,
        "interestExpense": -142000000,
        "depreciationAndAmortization": 675000000,
        "ebitda": 4920000000,
        "ebitdaratio": 0.32623831310921025,
        "operatingIncome": 4245000000,
        "operatingIncomeRatio": 0.28148000795703204,
        "totalOtherIncomeExpensesNet": -96000000,
        "incomeBeforeTax": 4245000000,
        "incomeBeforeTaxRatio": 0.28148000795703204,
        "incomeTaxExpense": 900000000,
        "netIncome": 3345000000,
        "netIncomeRatio": 0.2218022677541277,
        "eps": 1.19764,
        "epsdiluted": 1.19764,
        "weightedAverageShsOut": 2793000000,
        "weightedAverageShsOutDil": 2793000000,
        "link": "https://www.sec.gov/Archives/edgar/data/200406/000095012309057624/0000950123-09-057624-index.htm",
        "finalLink": "https://www.sec.gov/Archives/edgar/data/200406/000095012309057624/y79425e10vq.htm"
    },
    {
        "date": "2009-06-28",
        "symbol": "JNJ",
        "reportedCurrency": "USD",
        "fillingDate": "2009-08-04",
        "acceptedDate": "2009-08-04 17:11:43",
        "period": "Q2",
        "revenue": 15239000000,
        "costOfRevenue": 4450000000,
        "grossProfit": 10789000000,
        "grossProfitRatio": 0.7079860883260056,
        "researchAndDevelopmentExpenses": 1638000000,
        "generalAndAdministrativeExpenses": 0.0,
        "sellingAndMarketingExpenses": 4797000000,
        "otherExpenses": 6000000.0,
        "operatingExpenses": 6526000000,
        "costAndExpenses": 10976000000,
        "interestExpense": -110000000,
        "depreciationAndAmortization": 679000000,
        "ebitda": 4942000000,
        "ebitdaratio": 0.32429949471750114,
        "operatingIncome": 4263000000,
        "operatingIncomeRatio": 0.2797427652733119,
        "totalOtherIncomeExpensesNet": 6000000.0,
        "incomeBeforeTax": 4263000000,
        "incomeBeforeTaxRatio": 0.2797427652733119,
        "incomeTaxExpense": 1055000000,
        "netIncome": 3208000000,
        "netIncomeRatio": 0.2105125008202638,
        "eps": 1.15313,
        "epsdiluted": 1.15313,
        "weightedAverageShsOut": 2782000000,
        "weightedAverageShsOutDil": 2782000000,
        "link": "https://www.sec.gov/Archives/edgar/data/200406/000095012309029672/0000950123-09-029672-index.htm",
        "finalLink": "https://www.sec.gov/Archives/edgar/data/200406/000095012309029672/y78195e10vq.htm"
    },
    {
        "date": "2009-03-29",
        "symbol": "JNJ",
        "reportedCurrency": "USD",
        "fillingDate": "2009-05-05",
        "acceptedDate": "2009-05-05 17:03:26",
        "period": "Q1",
        "revenue": 15026000000,
        "costOfRevenue": 4251000000,
        "grossProfit": 10775000000,
        "grossProfitRatio": 0.7170903766804206,
        "researchAndDevelopmentExpenses": 1518000000,
        "generalAndAdministrativeExpenses": 0.0,
        "sellingAndMarketingExpenses": 4608000000,
        "otherExpenses": -75000000,
        "operatingExpenses": 6132000000,
        "costAndExpenses": 10383000000,
        "interestExpense": -106000000,
        "depreciationAndAmortization": 676000000,
        "ebitda": 5319000000,
        "ebitdaratio": 0.3539864235325436,
        "operatingIncome": 4643000000,
        "operatingIncomeRatio": 0.30899773725542395,
        "totalOtherIncomeExpensesNet": -75000000,
        "incomeBeforeTax": 4643000000,
        "incomeBeforeTaxRatio": 0.30899773725542395,
        "incomeTaxExpense": 1136000000,
        "netIncome": 3507000000,
        "netIncomeRatio": 0.23339544789032343,
        "eps": 1.25699,
        "epsdiluted": 1.25699,
        "weightedAverageShsOut": 2790000000,
        "weightedAverageShsOutDil": 2790000000,
        "link": "https://www.sec.gov/Archives/edgar/data/200406/000020040609000064/0000200406-09-000064-index.htm",
        "finalLink": "https://www.sec.gov/Archives/edgar/data/200406/000095012309003187/y74152e10vk.htm"
    },
    {
        "date": "2008-12-28",
        "symbol": "JNJ",
        "reportedCurrency": "USD",
        "fillingDate": "2009-02-20",
        "acceptedDate": "2009-02-20 16:18:45",
        "period": "Q4",
        "revenue": 15182000000,
        "costOfRevenue": 4372000000,
        "grossProfit": 10810000000,
        "grossProfitRatio": 0.7120274008694507,
        "researchAndDevelopmentExpenses": 2108000000,
        "generalAndAdministrativeExpenses": 0.0,
        "sellingAndMarketingExpenses": 5665000000,
        "otherExpenses": -638000000,
        "operatingExpenses": 7293000000,
        "costAndExpenses": 11665000000,
        "interestExpense": -110000000,
        "depreciationAndAmortization": 715000000,
        "ebitda": 4232000000,
        "ebitdaratio": 0.2787511526808062,
        "operatingIncome": 3517000000,
        "operatingIncomeRatio": 0.2316559083124753,
        "totalOtherIncomeExpensesNet": -638000000,
        "incomeBeforeTax": 3517000000,
        "incomeBeforeTaxRatio": 0.2316559083124753,
        "incomeTaxExpense": 803000000,
        "netIncome": 2714000000,
        "netIncomeRatio": 0.17876432617573443,
        "eps": 0.96859,
        "epsdiluted": 0.96859,
        "weightedAverageShsOut": 2802000000,
        "weightedAverageShsOutDil": 2802000000,
        "link": "https://www.sec.gov/Archives/edgar/data/200406/000095012309003187/0000950123-09-003187-index.htm",
        "finalLink": "https://www.sec.gov/Archives/edgar/data/200406/000095012309003187/y74152e10vk.htm"
    },
    {
        "date": "2008-09-28",
        "symbol": "JNJ",
        "reportedCurrency": "USD",
        "fillingDate": "2008-11-04",
        "acceptedDate": "2008-11-04 15:02:13",
        "period": "Q3",
        "revenue": 15921000000,
        "costOfRevenue": 4774000000,
        "grossProfit": 11147000000,
        "grossProfitRatio": 0.7001444632874819,
        "researchAndDevelopmentExpenses": 1861000000,
        "generalAndAdministrativeExpenses": 0.0,
        "sellingAndMarketingExpenses": 5195000000,
        "otherExpenses": -224000000,
        "operatingExpenses": 6857000000,
        "costAndExpenses": 11631000000,
        "interestExpense": -122000000,
        "depreciationAndAmortization": 768000000,
        "ebitda": 5058000000,
        "ebitdaratio": 0.3176936122102883,
        "operatingIncome": 4290000000,
        "operatingIncomeRatio": 0.26945543621631807,
        "totalOtherIncomeExpensesNet": -224000000,
        "incomeBeforeTax": 4290000000,
        "incomeBeforeTaxRatio": 0.26945543621631807,
        "incomeTaxExpense": 980000000,
        "netIncome": 3310000000,
        "netIncomeRatio": 0.2079015137240123,
        "eps": 1.1692,
        "epsdiluted": 1.1692,
        "weightedAverageShsOut": 2831000000,
        "weightedAverageShsOutDil": 2831000000,
        "link": "https://www.sec.gov/Archives/edgar/data/200406/000020040608000146/0000200406-08-000146-index.htm",
        "finalLink": "https://www.sec.gov/Archives/edgar/data/200406/000020040608000146/tenq3rdqtr2008.htm"
    },
    {
        "date": "2008-06-29",
        "symbol": "JNJ",
        "reportedCurrency": "USD",
        "fillingDate": "2008-08-04",
        "acceptedDate": "2008-08-04 15:18:29",
        "period": "Q2",
        "revenue": 16450000000,
        "costOfRevenue": 4751000000,
        "grossProfit": 11699000000,
        "grossProfitRatio": 0.7111854103343465,
        "researchAndDevelopmentExpenses": 1896000000,
        "generalAndAdministrativeExpenses": 0.0,
        "sellingAndMarketingExpenses": 5507000000,
        "otherExpenses": -135000000,
        "operatingExpenses": 7324000000,
        "costAndExpenses": 12075000000,
        "interestExpense": -105000000,
        "depreciationAndAmortization": 683000000,
        "ebitda": 5058000000,
        "ebitdaratio": 0.30747720364741643,
        "operatingIncome": 4375000000,
        "operatingIncomeRatio": 0.26595744680851063,
        "totalOtherIncomeExpensesNet": -135000000,
        "incomeBeforeTax": 4375000000,
        "incomeBeforeTaxRatio": 0.26595744680851063,
        "incomeTaxExpense": 1048000000,
        "netIncome": 3327000000,
        "netIncomeRatio": 0.20224924012158055,
        "eps": 1.16942,
        "epsdiluted": 1.16942,
        "weightedAverageShsOut": 2845000000,
        "weightedAverageShsOutDil": 2845000000,
        "link": "https://www.sec.gov/Archives/edgar/data/200406/000020040608000119/0000200406-08-000119-index.htm",
        "finalLink": "https://www.sec.gov/Archives/edgar/data/200406/000020040608000119/tenq2ndqtr2008.htm"
    },
    {
        "date": "2008-03-30",
        "symbol": "JNJ",
        "reportedCurrency": "USD",
        "fillingDate": "2008-05-07",
        "acceptedDate": "2008-05-07 12:33:36",
        "period": "Q1",
        "revenue": 16194000000,
        "costOfRevenue": 4614000000,
        "grossProfit": 11580000000,
        "grossProfitRatio": 0.7150796591330122,
        "researchAndDevelopmentExpenses": 1712000000,
        "generalAndAdministrativeExpenses": 0.0,
        "sellingAndMarketingExpenses": 5123000000,
        "otherExpenses": -18000000,
        "operatingExpenses": 6833000000,
        "costAndExpenses": 11447000000,
        "interestExpense": -98000000,
        "depreciationAndAmortization": 666000000,
        "ebitda": 5413000000,
        "ebitdaratio": 0.3342596023218476,
        "operatingIncome": 4747000000,
        "operatingIncomeRatio": 0.29313325923181427,
        "totalOtherIncomeExpensesNet": -18000000,
        "incomeBeforeTax": 4747000000,
        "incomeBeforeTaxRatio": 0.29313325923181427,
        "incomeTaxExpense": 1149000000,
        "netIncome": 3598000000,
        "netIncomeRatio": 0.22218105471162158,
        "eps": 1.25541,
        "epsdiluted": 1.25541,
        "weightedAverageShsOut": 2866000000,
        "weightedAverageShsOutDil": 2866000000,
        "link": "https://www.sec.gov/Archives/edgar/data/200406/000020040608000084/0000200406-08-000084-index.htm",
        "finalLink": "https://www.sec.gov/Archives/edgar/data/200406/000095012308002130/y47910e10vk.htm"
    },
    {
        "date": "2007-12-30",
        "symbol": "JNJ",
        "reportedCurrency": "USD",
        "fillingDate": "2008-02-26",
        "acceptedDate": "2008-02-26 16:39:42",
        "period": "Q4",
        "revenue": 15957000000,
        "costOfRevenue": 4734000000,
        "grossProfit": 11223000000,
        "grossProfitRatio": 0.7033276931754089,
        "researchAndDevelopmentExpenses": 2328000000,
        "generalAndAdministrativeExpenses": 2703000000,
        "sellingAndMarketingExpenses": 3018000000,
        "otherExpenses": 877000000,
        "operatingExpenses": 8891000000,
        "costAndExpenses": 13625000000,
        "interestExpense": -233000000,
        "depreciationAndAmortization": 875000000,
        "ebitda": 3207000000,
        "ebitdaratio": 0.20097762737356645,
        "operatingIncome": 2332000000,
        "operatingIncomeRatio": 0.14614275866390924,
        "totalOtherIncomeExpensesNet": 877000000,
        "incomeBeforeTax": 2332000000,
        "incomeBeforeTaxRatio": 0.14614275866390924,
        "incomeTaxExpense": -42000000,
        "netIncome": 2374000000,
        "netIncomeRatio": 0.1487748323619728,
        "eps": 0.82345,
        "epsdiluted": 0.82345,
        "weightedAverageShsOut": 2883000000,
        "weightedAverageShsOutDil": 2883000000,
        "link": "https://www.sec.gov/Archives/edgar/data/200406/000095012308002130/0000950123-08-002130-index.htm",
        "finalLink": "https://www.sec.gov/Archives/edgar/data/200406/000095012308002130/y47910e10vk.htm"
    },
    {
        "date": "2007-09-30",
        "symbol": "JNJ",
        "reportedCurrency": "USD",
        "fillingDate": "2007-11-06 00:00:00",
        "acceptedDate": "2007-11-06 15:03:17",
        "period": "Q3",
        "revenue": 14970000000,
        "costOfRevenue": 4274000000,
        "grossProfit": 10696000000,
        "grossProfitRatio": 0.7144956579826319,
        "researchAndDevelopmentExpenses": 1834000000,
        "generalAndAdministrativeExpenses": 0.0,
        "sellingAndMarketingExpenses": 0.0,
        "otherExpenses": 0.0,
        "operatingExpenses": 6733000000,
        "costAndExpenses": 11007000000,
        "interestExpense": 0.0,
        "depreciationAndAmortization": 597000000,
        "ebitda": 4560000000,
        "ebitdaratio": 0.3046092184368738,
        "operatingIncome": 3963000000,
        "operatingIncomeRatio": 0.26472945891783567,
        "totalOtherIncomeExpensesNet": -747000000,
        "incomeBeforeTax": 3268000000,
        "incomeBeforeTaxRatio": 0.21830327321309284,
        "incomeTaxExpense": 720000000,
        "netIncome": 2548000000,
        "netIncomeRatio": 0.1702070808283233,
        "eps": 0.882363126363542,
        "epsdiluted": 0.8747296508634007,
        "weightedAverageShsOut": 2887700000,
        "weightedAverageShsOutDil": 2912900000,
        "link": "https://www.sec.gov/Archives/edgar/data/200406/000020040607000128/0000200406-07-000128-index.html",
        "finalLink": "https://www.sec.gov/Archives/edgar/data/200406/000020040607000128/tenq.txt"
    },
    {
        "date": "2007-07-01",
        "symbol": "JNJ",
        "reportedCurrency": "USD",
        "fillingDate": "2007-08-08 00:00:00",
        "acceptedDate": "2007-08-08 15:44:20",
        "period": "Q2",
        "revenue": 15131000000,
        "costOfRevenue": 4358000000,
        "grossProfit": 10773000000,
        "grossProfitRatio": 0.7119820236600357,
        "researchAndDevelopmentExpenses": 1866000000,
        "generalAndAdministrativeExpenses": 5029000000,
        "sellingAndMarketingExpenses": 0.0,
        "otherExpenses": -117000000,
        "operatingExpenses": 6742000000,
        "costAndExpenses": 11100000000,
        "interestExpense": 0.0,
        "depreciationAndAmortization": 683000000,
        "ebitda": 4714000000,
        "ebitdaratio": 0.31154583305796046,
        "operatingIncome": 4031000000,
        "operatingIncomeRatio": 0.2664067146916925,
        "totalOtherIncomeExpensesNet": -117000000,
        "incomeBeforeTax": 4031000000,
        "incomeBeforeTaxRatio": 0.2664067146916925,
        "incomeTaxExpense": 950000000,
        "netIncome": 3081000000,
        "netIncomeRatio": 0.2036217037869275,
        "eps": 1.05405,
        "epsdiluted": 1.05405,
        "weightedAverageShsOut": 2923000000,
        "weightedAverageShsOutDil": 2923000000,
        "link": "https://www.sec.gov/Archives/edgar/data/200406/000020040607000104/0000200406-07-000104-index.html",
        "finalLink": "https://www.sec.gov/Archives/edgar/data/200406/000020040607000104/tenq.txt"
    },
    {
        "date": "2007-04-01",
        "symbol": "JNJ",
        "reportedCurrency": "USD",
        "fillingDate": "2007-05-10 00:00:00",
        "acceptedDate": "2007-05-10 17:23:53",
        "period": "Q1",
        "revenue": 15037000000,
        "costOfRevenue": 4385000000,
        "grossProfit": 10652000000,
        "grossProfitRatio": 0.7083859812462592,
        "researchAndDevelopmentExpenses": 1652000000,
        "generalAndAdministrativeExpenses": 4802000000,
        "sellingAndMarketingExpenses": 0.0,
        "otherExpenses": -228000000,
        "operatingExpenses": 7000000000,
        "costAndExpenses": 11385000000,
        "interestExpense": 0.0,
        "depreciationAndAmortization": 622000000,
        "ebitda": 4274000000,
        "ebitdaratio": 0.2842322271729733,
        "operatingIncome": 3652000000,
        "operatingIncomeRatio": 0.24286759326993415,
        "totalOtherIncomeExpensesNet": -228000000,
        "incomeBeforeTax": 3652000000,
        "incomeBeforeTaxRatio": 0.24286759326993415,
        "incomeTaxExpense": 1079000000,
        "netIncome": 2573000000,
        "netIncomeRatio": 0.17111125889472634,
        "eps": 0.87996,
        "epsdiluted": 0.87996,
        "weightedAverageShsOut": 2924000000,
        "weightedAverageShsOutDil": 2924000000,
        "link": "https://www.sec.gov/Archives/edgar/data/200406/000020040607000076/0000200406-07-000076-index.html",
        "finalLink": "https://www.sec.gov/Archives/edgar/data/200406/000020040607000076/tenq.txt"
    },
    {
        "date": "2006-12-31",
        "symbol": "JNJ",
        "reportedCurrency": "USD",
        "fillingDate": "2007-02-21 00:00:00",
        "acceptedDate": "2007-02-21 17:22:31",
        "period": "Q4",
        "revenue": 13682000000,
        "costOfRevenue": 4007000000,
        "grossProfit": 9675000000,
        "grossProfitRatio": 0.7071334600204648,
        "researchAndDevelopmentExpenses": 2046000000,
        "generalAndAdministrativeExpenses": 0.0,
        "sellingAndMarketingExpenses": 0.0,
        "otherExpenses": 0.0,
        "operatingExpenses": 6742000000,
        "costAndExpenses": 10749000000,
        "interestExpense": 0.0,
        "depreciationAndAmortization": 571000000,
        "ebitda": 3504000000,
        "ebitdaratio": 0.2561029089314428,
        "operatingIncome": 2933000000,
        "operatingIncomeRatio": 0.21436924426253473,
        "totalOtherIncomeExpensesNet": -420000000,
        "incomeBeforeTax": 2708000000,
        "incomeBeforeTaxRatio": 0.1979242800760123,
        "incomeTaxExpense": 540000000,
        "netIncome": 2168000000,
        "netIncomeRatio": 0.15845636602835841,
        "eps": 0.7354138398914518,
        "epsdiluted": 0.7354138398914518,
        "weightedAverageShsOut": 2948000000,
        "weightedAverageShsOutDil": 2948000000,
        "link": "https://www.sec.gov/Archives/edgar/data/200406/000095012307002542/0000950123-07-002542-index.html",
        "finalLink": "https://www.sec.gov/Archives/edgar/data/200406/000095012307002542/y29901e10vk.htm"
    },
    {
        "date": "2006-10-01",
        "symbol": "JNJ",
        "reportedCurrency": "USD",
        "fillingDate": "2006-10-01",
        "acceptedDate": "2006-10-01",
        "period": "Q3",
        "revenue": 13287000000,
        "costOfRevenue": 3650000000,
        "grossProfit": 9637000000,
        "grossProfitRatio": 0.7252954015202829,
        "researchAndDevelopmentExpenses": 1719000000,
        "generalAndAdministrativeExpenses": 4291000000,
        "sellingAndMarketingExpenses": 0.0,
        "otherExpenses": 45000000,
        "operatingExpenses": 5976000000,
        "costAndExpenses": 9626000000,
        "interestExpense": 0.0,
        "depreciationAndAmortization": 539000000,
        "ebitda": 4200000000,
        "ebitdaratio": 0.3160984420862497,
        "operatingIncome": 3661000000,
        "operatingIncomeRatio": 0.27553247535184766,
        "totalOtherIncomeExpensesNet": 45000000,
        "incomeBeforeTax": 3661000000,
        "incomeBeforeTaxRatio": 0.27553247535184766,
        "incomeTaxExpense": 901000000,
        "netIncome": 2760000000,
        "netIncomeRatio": 0.2077218333709641,
        "eps": 0.93623,
        "epsdiluted": 0.93623,
        "weightedAverageShsOut": 2948000000,
        "weightedAverageShsOutDil": 2948000000,
        "link": "",
        "finalLink": ""
    },
    {
        "date": "2006-07-02",
        "symbol": "JNJ",
        "reportedCurrency": "USD",
        "fillingDate": "2006-07-02",
        "acceptedDate": "2006-07-02",
        "period": "Q2",
        "revenue": 13363000000,
        "costOfRevenue": 3788000000,
        "grossProfit": 9575000000,
        "grossProfitRatio": 0.7165307191498915,
        "researchAndDevelopmentExpenses": 1828000000,
        "generalAndAdministrativeExpenses": 4351000000,
        "sellingAndMarketingExpenses": 0.0,
        "otherExpenses": -98000000,
        "operatingExpenses": 5972000000,
        "costAndExpenses": 9760000000,
        "interestExpense": 0.0,
        "depreciationAndAmortization": 546000000,
        "ebitda": 4149000000,
        "ebitdaratio": 0.31048417271570755,
        "operatingIncome": 3603000000,
        "operatingIncomeRatio": 0.2696250841876824,
        "totalOtherIncomeExpensesNet": -98000000,
        "incomeBeforeTax": 3603000000,
        "incomeBeforeTaxRatio": 0.2696250841876824,
        "incomeTaxExpense": 783000000,
        "netIncome": 2820000000,
        "netIncomeRatio": 0.21103045723265734,
        "eps": 0.94822,
        "epsdiluted": 0.94822,
        "weightedAverageShsOut": 2974000000,
        "weightedAverageShsOutDil": 2974000000,
        "link": "",
        "finalLink": ""
    },
    {
        "date": "2006-04-02",
        "symbol": "JNJ",
        "reportedCurrency": "USD",
        "fillingDate": "2006-04-02",
        "acceptedDate": "2006-04-02",
        "period": "Q1",
        "revenue": 12992000000,
        "costOfRevenue": 3612000000,
        "grossProfit": 9380000000,
        "grossProfitRatio": 0.7219827586206896,
        "researchAndDevelopmentExpenses": 1532000000,
        "generalAndAdministrativeExpenses": 4095000000,
        "sellingAndMarketingExpenses": 0.0,
        "otherExpenses": -718000000,
        "operatingExpenses": 4765000000,
        "costAndExpenses": 8377000000,
        "interestExpense": 0.0,
        "depreciationAndAmortization": 521000000,
        "ebitda": 5136000000,
        "ebitdaratio": 0.39532019704433496,
        "operatingIncome": 4615000000,
        "operatingIncomeRatio": 0.3552185960591133,
        "totalOtherIncomeExpensesNet": -718000000,
        "incomeBeforeTax": 4615000000,
        "incomeBeforeTaxRatio": 0.3552185960591133,
        "incomeTaxExpense": 1310000000,
        "netIncome": 3305000000,
        "netIncomeRatio": 0.25438731527093594,
        "eps": 1.10424,
        "epsdiluted": 1.10424,
        "weightedAverageShsOut": 2993000000,
        "weightedAverageShsOutDil": 2993000000,
        "link": "",
        "finalLink": ""
    },
    {
        "date": "2006-01-01",
        "symbol": "JNJ",
        "reportedCurrency": "USD",
        "fillingDate": "2006-01-01",
        "acceptedDate": "2006-01-01",
        "period": "Q4",
        "revenue": 12610000000,
        "costOfRevenue": 3638000000,
        "grossProfit": 8972000000,
        "grossProfitRatio": 0.7114988104678827,
        "researchAndDevelopmentExpenses": 2014000000,
        "generalAndAdministrativeExpenses": 4645000000,
        "sellingAndMarketingExpenses": 0.0,
        "otherExpenses": -30000000,
        "operatingExpenses": 6469000000,
        "costAndExpenses": 10107000000,
        "interestExpense": 0.0,
        "depreciationAndAmortization": 507000000,
        "ebitda": 3010000000,
        "ebitdaratio": 0.2386994448850119,
        "operatingIncome": 2503000000,
        "operatingIncomeRatio": 0.19849325931800157,
        "totalOtherIncomeExpensesNet": -30000000,
        "incomeBeforeTax": 2503000000,
        "incomeBeforeTaxRatio": 0.19849325931800157,
        "incomeTaxExpense": 408000000,
        "netIncome": 2095000000,
        "netIncomeRatio": 0.16613798572561458,
        "eps": 0.69486,
        "epsdiluted": 0.69486,
        "weightedAverageShsOut": 3015000000,
        "weightedAverageShsOutDil": 3015000000,
        "link": "",
        "finalLink": ""
    },
    {
        "date": "2005-10-02",
        "symbol": "JNJ",
        "reportedCurrency": "USD",
        "fillingDate": "2005-10-02",
        "acceptedDate": "2005-10-02",
        "period": "Q3",
        "revenue": 12310000000,
        "costOfRevenue": 3354000000,
        "grossProfit": 8956000000,
        "grossProfitRatio": 0.7275385865150285,
        "researchAndDevelopmentExpenses": 1539000000,
        "generalAndAdministrativeExpenses": 4161000000,
        "sellingAndMarketingExpenses": 0.0,
        "otherExpenses": -63000000,
        "operatingExpenses": 5536000000,
        "costAndExpenses": 8890000000,
        "interestExpense": 0.0,
        "depreciationAndAmortization": 523000000,
        "ebitda": 3943000000,
        "ebitdaratio": 0.32030869212022745,
        "operatingIncome": 3420000000,
        "operatingIncomeRatio": 0.2778229082047116,
        "totalOtherIncomeExpensesNet": -63000000,
        "incomeBeforeTax": 3420000000,
        "incomeBeforeTaxRatio": 0.2778229082047116,
        "incomeTaxExpense": 882000000,
        "netIncome": 2538000000,
        "netIncomeRatio": 0.20617384240454914,
        "eps": 0.84431,
        "epsdiluted": 0.84431,
        "weightedAverageShsOut": 3006000000,
        "weightedAverageShsOutDil": 3006000000,
        "link": "",
        "finalLink": ""
    },
    {
        "date": "2005-07-03",
        "symbol": "JNJ",
        "reportedCurrency": "USD",
        "fillingDate": "2005-08-10",
        "acceptedDate": "2005-08-10",
        "period": "Q2",
        "revenue": 12762000000,
        "costOfRevenue": 3522000000,
        "grossProfit": 9240000000,
        "grossProfitRatio": 0.7240244475787494,
        "researchAndDevelopmentExpenses": 1525000000,
        "generalAndAdministrativeExpenses": 4278000000,
        "sellingAndMarketingExpenses": 0.0,
        "otherExpenses": -88000000,
        "operatingExpenses": 5974000000,
        "costAndExpenses": 9496000000,
        "interestExpense": 0.0,
        "depreciationAndAmortization": 548000000,
        "ebitda": 3814000000,
        "ebitdaratio": 0.2988559786867262,
        "operatingIncome": 3266000000,
        "operatingIncomeRatio": 0.255916000626861,
        "totalOtherIncomeExpensesNet": -88000000,
        "incomeBeforeTax": 3266000000,
        "incomeBeforeTaxRatio": 0.255916000626861,
        "incomeTaxExpense": 678000000,
        "netIncome": 2588000000,
        "netIncomeRatio": 0.2027895314214073,
        "eps": 0.85554,
        "epsdiluted": 0.85554,
        "weightedAverageShsOut": 3025000000,
        "weightedAverageShsOutDil": 3025000000,
        "link": "https://www.sec.gov/Archives/edgar/data/200406/000020040605000106/0000200406-05-000106-index.htm",
        "finalLink": "https://www.sec.gov/Archives/edgar/data/200406/000020040605000106/secondqtrtenq.txt"
    },
    {
        "date": "2005-04-03",
        "symbol": "JNJ",
        "reportedCurrency": "USD",
        "fillingDate": "2005-05-10 00:00:00",
        "acceptedDate": "2005-05-10 13:58:08",
        "period": "Q1",
        "revenue": 12832000000,
        "costOfRevenue": 3496000000,
        "grossProfit": 9336000000,
        "grossProfitRatio": 0.7275561097256857,
        "researchAndDevelopmentExpenses": 1384000000,
        "generalAndAdministrativeExpenses": 4127000000,
        "sellingAndMarketingExpenses": 0.0,
        "otherExpenses": -33000000,
        "operatingExpenses": 5409000000,
        "costAndExpenses": 8905000000,
        "interestExpense": 0.0,
        "depreciationAndAmortization": 515000000,
        "ebitda": 4442000000,
        "ebitdaratio": 0.34616583541147133,
        "operatingIncome": 3927000000,
        "operatingIncomeRatio": 0.30603179551122195,
        "totalOtherIncomeExpensesNet": -33000000,
        "incomeBeforeTax": 3927000000,
        "incomeBeforeTaxRatio": 0.30603179551122195,
        "incomeTaxExpense": 1088000000,
        "netIncome": 2839000000,
        "netIncomeRatio": 0.22124376558603492,
        "eps": 0.93882,
        "epsdiluted": 0.93882,
        "weightedAverageShsOut": 3024000000,
        "weightedAverageShsOutDil": 3024000000,
        "link": "https://www.sec.gov/Archives/edgar/data/200406/000020040605000084/0000200406-05-000084-index.html",
        "finalLink": "https://www.sec.gov/Archives/edgar/data/200406/000020040605000084/firstquartertenq.txt"
    },
    {
        "date": "2005-01-02",
        "symbol": "JNJ",
        "reportedCurrency": "USD",
        "fillingDate": "2005-01-02",
        "acceptedDate": "2005-01-02",
        "period": "Q4",
        "revenue": 12752000000,
        "costOfRevenue": 3706000000,
        "grossProfit": 9046000000,
        "grossProfitRatio": 0.7093789209535759,
        "researchAndDevelopmentExpenses": 1727000000,
        "generalAndAdministrativeExpenses": 4655000000,
        "sellingAndMarketingExpenses": 0.0,
        "otherExpenses": 51000000,
        "operatingExpenses": 6421000000,
        "costAndExpenses": 10127000000,
        "interestExpense": 0.0,
        "depreciationAndAmortization": 618000000,
        "ebitda": 3243000000,
        "ebitdaratio": 0.25431304893350065,
        "operatingIncome": 2625000000,
        "operatingIncomeRatio": 0.20585006273525722,
        "totalOtherIncomeExpensesNet": 51000000,
        "incomeBeforeTax": 2625000000,
        "incomeBeforeTaxRatio": 0.20585006273525722,
        "incomeTaxExpense": 1408000000,
        "netIncome": 1217000000,
        "netIncomeRatio": 0.09543601003764116,
        "eps": 0.40378,
        "epsdiluted": 0.40378,
        "weightedAverageShsOut": 3014000000,
        "weightedAverageShsOutDil": 3014000000,
        "link": "",
        "finalLink": ""
    },
    {
        "date": "2004-09-26",
        "symbol": "JNJ",
        "reportedCurrency": "USD",
        "fillingDate": "2004-09-26",
        "acceptedDate": "2004-09-26",
        "period": "Q3",
        "revenue": 11553000000,
        "costOfRevenue": 3187000000,
        "grossProfit": 8366000000,
        "grossProfitRatio": 0.7241409157794513,
        "researchAndDevelopmentExpenses": 1198000000,
        "generalAndAdministrativeExpenses": 3854000000,
        "sellingAndMarketingExpenses": 0.0,
        "otherExpenses": 41000000,
        "operatingExpenses": 5092000000,
        "costAndExpenses": 8279000000,
        "interestExpense": 0.0,
        "depreciationAndAmortization": 479000000,
        "ebitda": 3753000000,
        "ebitdaratio": 0.3248506881329525,
        "operatingIncome": 3274000000,
        "operatingIncomeRatio": 0.28338959577598893,
        "totalOtherIncomeExpensesNet": 41000000,
        "incomeBeforeTax": 3274000000,
        "incomeBeforeTaxRatio": 0.28338959577598893,
        "incomeTaxExpense": 933000000,
        "netIncome": 2341000000,
        "netIncomeRatio": 0.20263135116419978,
        "eps": 0.778,
        "epsdiluted": 0.778,
        "weightedAverageShsOut": 3009000000,
        "weightedAverageShsOutDil": 3009000000,
        "link": "",
        "finalLink": ""
    },
    {
        "date": "2004-06-27",
        "symbol": "JNJ",
        "reportedCurrency": "USD",
        "fillingDate": "2004-06-27",
        "acceptedDate": "2004-06-27",
        "period": "Q2",
        "revenue": 11484000000,
        "costOfRevenue": 3162000000,
        "grossProfit": 8322000000,
        "grossProfitRatio": 0.7246603970741902,
        "researchAndDevelopmentExpenses": 1182000000,
        "generalAndAdministrativeExpenses": 3711000000,
        "sellingAndMarketingExpenses": 0.0,
        "otherExpenses": -23000000,
        "operatingExpenses": 4887000000,
        "costAndExpenses": 8049000000,
        "interestExpense": 0.0,
        "depreciationAndAmortization": 525000000,
        "ebitda": 3960000000,
        "ebitdaratio": 0.3448275862068966,
        "operatingIncome": 3435000000,
        "operatingIncomeRatio": 0.2991118077324974,
        "totalOtherIncomeExpensesNet": -23000000,
        "incomeBeforeTax": 3435000000,
        "incomeBeforeTaxRatio": 0.2991118077324974,
        "incomeTaxExpense": 977000000,
        "netIncome": 2458000000,
        "netIncomeRatio": 0.21403692093347265,
        "eps": 0.81797,
        "epsdiluted": 0.81797,
        "weightedAverageShsOut": 3005000000,
        "weightedAverageShsOutDil": 3005000000,
        "link": "",
        "finalLink": ""
    },
    {
        "date": "2004-03-28",
        "symbol": "JNJ",
        "reportedCurrency": "USD",
        "fillingDate": "2004-03-28",
        "acceptedDate": "2004-03-28",
        "period": "Q1",
        "revenue": 11559000000,
        "costOfRevenue": 3367000000,
        "grossProfit": 8192000000,
        "grossProfitRatio": 0.7087118262825504,
        "researchAndDevelopmentExpenses": 1095000000,
        "generalAndAdministrativeExpenses": 3640000000,
        "sellingAndMarketingExpenses": 0.0,
        "otherExpenses": -53000000,
        "operatingExpenses": 4688000000,
        "costAndExpenses": 8055000000,
        "interestExpense": 0.0,
        "depreciationAndAmortization": 502000000,
        "ebitda": 4006000000,
        "ebitdaratio": 0.3465697724716671,
        "operatingIncome": 3504000000,
        "operatingIncomeRatio": 0.30314041007007525,
        "totalOtherIncomeExpensesNet": -53000000,
        "incomeBeforeTax": 3504000000,
        "incomeBeforeTaxRatio": 0.30314041007007525,
        "incomeTaxExpense": 1011000000,
        "netIncome": 2493000000,
        "netIncomeRatio": 0.2156760965481443,
        "eps": 0.82962,
        "epsdiluted": 0.82962,
        "weightedAverageShsOut": 3005000000,
        "weightedAverageShsOutDil": 3005000000,
        "link": "",
        "finalLink": ""
    },
    {
        "date": "2003-12-28",
        "symbol": "JNJ",
        "reportedCurrency": "USD",
        "fillingDate": "2003-12-28",
        "acceptedDate": "2003-12-28",
        "period": "Q4",
        "revenue": 11254000000,
        "costOfRevenue": 3508000000,
        "grossProfit": 7746000000,
        "grossProfitRatio": 0.6882886084947574,
        "researchAndDevelopmentExpenses": 1489000000,
        "generalAndAdministrativeExpenses": 4054000000,
        "sellingAndMarketingExpenses": 0.0,
        "otherExpenses": -182000000,
        "operatingExpenses": 5372000000,
        "costAndExpenses": 8880000000,
        "interestExpense": 0.0,
        "depreciationAndAmortization": 522000000,
        "ebitda": 2896000000,
        "ebitdaratio": 0.2573307268526746,
        "operatingIncome": 2374000000,
        "operatingIncomeRatio": 0.21094721876666075,
        "totalOtherIncomeExpensesNet": -182000000,
        "incomeBeforeTax": 2374000000,
        "incomeBeforeTaxRatio": 0.21094721876666075,
        "incomeTaxExpense": 529000000,
        "netIncome": 1845000000,
        "netIncomeRatio": 0.16394170961435933,
        "eps": 0.61706,
        "epsdiluted": 0.61706,
        "weightedAverageShsOut": 2990000000,
        "weightedAverageShsOutDil": 2990000000,
        "link": "",
        "finalLink": ""
    },
    {
        "date": "2003-09-28",
        "symbol": "JNJ",
        "reportedCurrency": "USD",
        "fillingDate": "2003-11-12",
        "acceptedDate": "2003-11-12",
        "period": "Q3",
        "revenue": 10455000000,
        "costOfRevenue": 2980000000,
        "grossProfit": 7475000000,
        "grossProfitRatio": 0.7149689143950263,
        "researchAndDevelopmentExpenses": 1177000000,
        "generalAndAdministrativeExpenses": 3428000000,
        "sellingAndMarketingExpenses": 0.0,
        "otherExpenses": -91000000,
        "operatingExpenses": 4526000000,
        "costAndExpenses": 7506000000,
        "interestExpense": 0.0,
        "depreciationAndAmortization": 479000000,
        "ebitda": 3428000000,
        "ebitdaratio": 0.32788139646102343,
        "operatingIncome": 2949000000,
        "operatingIncomeRatio": 0.2820659971305595,
        "totalOtherIncomeExpensesNet": -91000000,
        "incomeBeforeTax": 2949000000,
        "incomeBeforeTaxRatio": 0.2820659971305595,
        "incomeTaxExpense": 877000000,
        "netIncome": 2072000000,
        "netIncomeRatio": 0.19818268770923003,
        "eps": 0.68883,
        "epsdiluted": 0.68883,
        "weightedAverageShsOut": 3008000000,
        "weightedAverageShsOutDil": 3008000000,
        "link": "https://www.sec.gov/Archives/edgar/data/200406/000020040603000054/0000200406-03-000054-index.htm",
        "finalLink": "https://www.sec.gov/Archives/edgar/data/200406/000020040603000054/tenqthirdqtr.txt"
    },
    {
        "date": "2003-06-29",
        "symbol": "JNJ",
        "reportedCurrency": "USD",
        "fillingDate": "2003-08-11",
        "acceptedDate": "2003-08-11",
        "period": "Q2",
        "revenue": 10332000000,
        "costOfRevenue": 2966000000,
        "grossProfit": 7366000000,
        "grossProfitRatio": 0.7129307007355787,
        "researchAndDevelopmentExpenses": 1082000000,
        "generalAndAdministrativeExpenses": 3396000000,
        "sellingAndMarketingExpenses": 0.0,
        "otherExpenses": -75000000,
        "operatingExpenses": 5310000000,
        "costAndExpenses": 8276000000,
        "interestExpense": 0.0,
        "depreciationAndAmortization": 422000000,
        "ebitda": 2478000000,
        "ebitdaratio": 0.23983739837398374,
        "operatingIncome": 2056000000,
        "operatingIncomeRatio": 0.19899341850561364,
        "totalOtherIncomeExpensesNet": -75000000,
        "incomeBeforeTax": 2056000000,
        "incomeBeforeTaxRatio": 0.19899341850561364,
        "incomeTaxExpense": 846000000,
        "netIncome": 1210000000,
        "netIncomeRatio": 0.11711188540456834,
        "eps": 0.40119,
        "epsdiluted": 0.40119,
        "weightedAverageShsOut": 3016000000,
        "weightedAverageShsOutDil": 3016000000,
        "link": "https://www.sec.gov/Archives/edgar/data/200406/000020040603000011/0000200406-03-000011-index.htm",
        "finalLink": "https://www.sec.gov/Archives/edgar/data/200406/000020040603000011/tenqsecondqtr.txt"
    },
    {
        "date": "2003-03-30",
        "symbol": "JNJ",
        "reportedCurrency": "USD",
        "fillingDate": "2003-03-30",
        "acceptedDate": "2003-03-30",
        "period": "Q1",
        "revenue": 9821000000,
        "costOfRevenue": 2722000000,
        "grossProfit": 7099000000,
        "grossProfitRatio": 0.7228388147846452,
        "researchAndDevelopmentExpenses": 936000000,
        "generalAndAdministrativeExpenses": 3253000000,
        "sellingAndMarketingExpenses": 0.0,
        "otherExpenses": -37000000,
        "operatingExpenses": 4170000000,
        "costAndExpenses": 6892000000,
        "interestExpense": 0.0,
        "depreciationAndAmortization": 446000000,
        "ebitda": 3375000000,
        "ebitdaratio": 0.3436513593320436,
        "operatingIncome": 2929000000,
        "operatingIncomeRatio": 0.2982384685877202,
        "totalOtherIncomeExpensesNet": -37000000,
        "incomeBeforeTax": 2929000000,
        "incomeBeforeTaxRatio": 0.2982384685877202,
        "incomeTaxExpense": 859000000,
        "netIncome": 2070000000,
        "netIncomeRatio": 0.2107728337236534,
        "eps": 0.68566,
        "epsdiluted": 0.68566,
        "weightedAverageShsOut": 3019000000,
        "weightedAverageShsOutDil": 3019000000,
        "link": "",
        "finalLink": ""
    },
    {
        "date": "2002-12-29",
        "symbol": "JNJ",
        "reportedCurrency": "USD",
        "fillingDate": "2002-12-29",
        "acceptedDate": "2002-12-29",
        "period": "Q4",
        "revenue": 9403000000,
        "costOfRevenue": 2797000000,
        "grossProfit": 6606000000,
        "grossProfitRatio": 0.702541741997235,
        "researchAndDevelopmentExpenses": 1242000000,
        "generalAndAdministrativeExpenses": 3350000000,
        "sellingAndMarketingExpenses": 0.0,
        "otherExpenses": 177000000,
        "operatingExpenses": 4757000000,
        "costAndExpenses": 7554000000,
        "interestExpense": 0.0,
        "depreciationAndAmortization": 388000000,
        "ebitda": 2237000000,
        "ebitdaratio": 0.23790279697968733,
        "operatingIncome": 1849000000,
        "operatingIncomeRatio": 0.19663937041369775,
        "totalOtherIncomeExpensesNet": 177000000,
        "incomeBeforeTax": 1849000000,
        "incomeBeforeTaxRatio": 0.19663937041369775,
        "incomeTaxExpense": 465000000,
        "netIncome": 1384000000,
        "netIncomeRatio": 0.14718706795703498,
        "eps": 0.46057,
        "epsdiluted": 0.46057,
        "weightedAverageShsOut": 3005000000,
        "weightedAverageShsOutDil": 3005000000,
        "link": "",
        "finalLink": ""
    },
    {
        "date": "2002-09-29",
        "symbol": "JNJ",
        "reportedCurrency": "USD",
        "fillingDate": "2002-11-12 00:00:00",
        "acceptedDate": "2002-11-12 08:48:22",
        "period": "Q3",
        "revenue": 9079000000,
        "costOfRevenue": 2611000000,
        "grossProfit": 6468000000,
        "grossProfitRatio": 0.7124132613723978,
        "researchAndDevelopmentExpenses": 952000000,
        "generalAndAdministrativeExpenses": 3006000000,
        "sellingAndMarketingExpenses": 0.0,
        "otherExpenses": 129000000,
        "operatingExpenses": 4075000000,
        "costAndExpenses": 6686000000,
        "interestExpense": 0.0,
        "depreciationAndAmortization": 442000000,
        "ebitda": 2835000000,
        "ebitdaratio": 0.31225905936777176,
        "operatingIncome": 2393000000,
        "operatingIncomeRatio": 0.2635752836215442,
        "totalOtherIncomeExpensesNet": 129000000,
        "incomeBeforeTax": 2393000000,
        "incomeBeforeTaxRatio": 0.2635752836215442,
        "incomeTaxExpense": 668000000,
        "netIncome": 1725000000,
        "netIncomeRatio": 0.1899988985571098,
        "eps": 0.56987,
        "epsdiluted": 0.56987,
        "weightedAverageShsOut": 3027000000,
        "weightedAverageShsOutDil": 3027000000,
        "link": "https://www.sec.gov/Archives/edgar/data/200406/000020040602000010/0000200406-02-000010-index.html",
        "finalLink": "https://www.sec.gov/Archives/edgar/data/200406/000020040602000010/thirdquartertenq.txt"
    },
    {
        "date": "2002-06-30",
        "symbol": "JNJ",
        "reportedCurrency": "USD",
        "fillingDate": "2002-08-12 00:00:00",
        "acceptedDate": "2002-08-12 16:40:43",
        "period": "Q2",
        "revenue": 9073000000,
        "costOfRevenue": 2582000000,
        "grossProfit": 6491000000,
        "grossProfitRatio": 0.715419376171057,
        "researchAndDevelopmentExpenses": 932000000,
        "generalAndAdministrativeExpenses": 3017000000,
        "sellingAndMarketingExpenses": 0.0,
        "otherExpenses": 0.0,
        "operatingExpenses": 3949000000,
        "costAndExpenses": 6531000000,
        "interestExpense": 0.0,
        "depreciationAndAmortization": 420000000,
        "ebitda": 2962000000,
        "ebitdaratio": 0.3264631323707704,
        "operatingIncome": 2542000000,
        "operatingIncomeRatio": 0.280171938719277,
        "totalOtherIncomeExpensesNet": -144000000,
        "incomeBeforeTax": 2428000000,
        "incomeBeforeTaxRatio": 0.26760718615672874,
        "incomeTaxExpense": 774000000,
        "netIncome": 1654000000,
        "netIncomeRatio": 0.18229912928469083,
        "eps": 0.55,
        "epsdiluted": 0.54,
        "weightedAverageShsOut": 3003400000,
        "weightedAverageShsOutDil": 3069300000,
        "link": "https://www.sec.gov/Archives/edgar/data/200406/000020040602000006/0000200406-02-000006-index.html",
        "finalLink": "https://www.sec.gov/Archives/edgar/data/200406/000020040602000006/secondquartertenq.txt"
    },
    {
        "date": "2002-03-31",
        "symbol": "JNJ",
        "reportedCurrency": "USD",
        "fillingDate": "2002-05-14 00:00:00",
        "acceptedDate": "2002-05-14 16:20:52",
        "period": "Q1",
        "revenue": 8743000000,
        "costOfRevenue": 2457000000,
        "grossProfit": 6286000000,
        "grossProfitRatio": 0.7189751801441153,
        "researchAndDevelopmentExpenses": 831000000,
        "generalAndAdministrativeExpenses": 2843000000,
        "sellingAndMarketingExpenses": 0.0,
        "otherExpenses": 0.0,
        "operatingExpenses": 3674000000,
        "costAndExpenses": 6131000000,
        "interestExpense": 0.0,
        "depreciationAndAmortization": 412000000,
        "ebitda": 3024000000,
        "ebitdaratio": 0.3458767013610889,
        "operatingIncome": 2612000000,
        "operatingIncomeRatio": 0.2987532883449617,
        "totalOtherIncomeExpensesNet": -33000000,
        "incomeBeforeTax": 2621000000,
        "incomeBeforeTaxRatio": 0.29978268328948876,
        "incomeTaxExpense": 787000000,
        "netIncome": 1834000000,
        "netIncomeRatio": 0.20976781425140112,
        "eps": 0.6,
        "epsdiluted": 0.59,
        "weightedAverageShsOut": 3042000000,
        "weightedAverageShsOutDil": 3115400000,
        "link": "https://www.sec.gov/Archives/edgar/data/200406/000020040602000005/0000200406-02-000005-index.html",
        "finalLink": "https://www.sec.gov/Archives/edgar/data/200406/000020040602000005/qonetenq.txt"
    },
    {
        "date": "2001-12-31",
        "symbol": "JNJ",
        "reportedCurrency": "USD",
        "fillingDate": "2002-03-20 00:00:00",
        "acceptedDate": "2002-03-20 00:00:00",
        "period": "Q4",
        "revenue": 8403000000,
        "costOfRevenue": 2489000000,
        "grossProfit": 5914000000,
        "grossProfitRatio": 0.7037962632393193,
        "researchAndDevelopmentExpenses": 1104000000,
        "generalAndAdministrativeExpenses": 3280000000,
        "sellingAndMarketingExpenses": 0.0,
        "otherExpenses": 0.0,
        "operatingExpenses": 4384000000,
        "costAndExpenses": 6873000000,
        "interestExpense": 0.0,
        "depreciationAndAmortization": 364000000,
        "ebitda": 1894000000,
        "ebitdaratio": 0.22539569201475662,
        "operatingIncome": 1530000000,
        "operatingIncomeRatio": 0.18207782934666192,
        "totalOtherIncomeExpensesNet": -160000000,
        "incomeBeforeTax": 1444000000,
        "incomeBeforeTaxRatio": 0.17184338926573842,
        "incomeTaxExpense": 339000000,
        "netIncome": 1105000000,
        "netIncomeRatio": 0.13150065452814472,
        "eps": 0.36324786324786323,
        "epsdiluted": 0.36324786324786323,
        "weightedAverageShsOut": 3042000000,
        "weightedAverageShsOutDil": 3042000000,
        "link": "https://www.sec.gov/Archives/edgar/data/200406/000095012302002712/0000950123-02-002712-index.html",
        "finalLink": "https://www.sec.gov/Archives/edgar/data/200406/000095012302002712/y58008e10-k.txt"
    },
    {
        "date": "2001-09-30",
        "symbol": "JNJ",
        "reportedCurrency": "USD",
        "fillingDate": "2001-11-13 00:00:00",
        "acceptedDate": "2001-11-13 00:00:00",
        "period": "Q3",
        "revenue": 8238000000,
        "costOfRevenue": 2385000000,
        "grossProfit": 5853000000,
        "grossProfitRatio": 0.7104879825200291,
        "researchAndDevelopmentExpenses": 899000000,
        "generalAndAdministrativeExpenses": 2894000000,
        "sellingAndMarketingExpenses": 0.0,
        "otherExpenses": 0.0,
        "operatingExpenses": 3793000000,
        "costAndExpenses": 6178000000,
        "interestExpense": 0.0,
        "depreciationAndAmortization": 437000000,
        "ebitda": 2497000000,
        "ebitdaratio": 0.30310755037630494,
        "operatingIncome": 2060000000,
        "operatingIncomeRatio": 0.2500606943432872,
        "totalOtherIncomeExpensesNet": -19000000,
        "incomeBeforeTax": 2108000000,
        "incomeBeforeTaxRatio": 0.2558873512988589,
        "incomeTaxExpense": 579000000,
        "netIncome": 1529000000,
        "netIncomeRatio": 0.18560330177227483,
        "eps": 0.5,
        "epsdiluted": 0.49,
        "weightedAverageShsOut": 3039200000,
        "weightedAverageShsOutDil": 3110900000,
        "link": "https://www.sec.gov/Archives/edgar/data/200406/000020040601500010/0000200406-01-500010-index.html",
        "finalLink": "https://www.sec.gov/Archives/edgar/data/200406/000020040601500010/thirdqtrtenq.txt"
    },
    {
        "date": "2001-07-01",
        "symbol": "JNJ",
        "reportedCurrency": "USD",
        "fillingDate": "2001-08-15 00:00:00",
        "acceptedDate": "2001-08-15 00:00:00",
        "period": "Q2",
        "revenue": 8179000000,
        "costOfRevenue": 2372000000,
        "grossProfit": 5807000000,
        "grossProfitRatio": 0.7099889962098056,
        "researchAndDevelopmentExpenses": 829000000,
        "generalAndAdministrativeExpenses": 2802000000,
        "sellingAndMarketingExpenses": 0.0,
        "otherExpenses": 117000000,
        "operatingExpenses": 3678000000,
        "costAndExpenses": 6050000000,
        "interestExpense": 0.0,
        "depreciationAndAmortization": 392000000,
        "ebitda": 2521000000,
        "ebitdaratio": 0.30822838977870154,
        "operatingIncome": 2129000000,
        "operatingIncomeRatio": 0.2603007702653136,
        "totalOtherIncomeExpensesNet": 117000000,
        "incomeBeforeTax": 2129000000,
        "incomeBeforeTaxRatio": 0.2603007702653136,
        "incomeTaxExpense": 647000000,
        "netIncome": 1482000000,
        "netIncomeRatio": 0.18119574520112483,
        "eps": 0.47637,
        "epsdiluted": 0.47637,
        "weightedAverageShsOut": 3111000000,
        "weightedAverageShsOutDil": 3111000000,
        "link": "https://www.sec.gov/Archives/edgar/data/200406/000020040601500007/0000200406-01-500007-index.html",
        "finalLink": "https://www.sec.gov/Archives/edgar/data/200406/000020040601500007/secondqtrtenq.txt"
    },
    {
        "date": "2001-04-01",
        "symbol": "JNJ",
        "reportedCurrency": "USD",
        "fillingDate": "2001-05-14 00:00:00",
        "acceptedDate": "2001-05-14 00:00:00",
        "period": "Q1",
        "revenue": 7855000000,
        "costOfRevenue": 2311000000,
        "grossProfit": 5544000000,
        "grossProfitRatio": 0.7057924888605983,
        "researchAndDevelopmentExpenses": 759000000,
        "generalAndAdministrativeExpenses": 2666000000,
        "sellingAndMarketingExpenses": 0.0,
        "otherExpenses": -6000000.0,
        "operatingExpenses": 3327000000,
        "costAndExpenses": 5638000000,
        "interestExpense": 0.0,
        "depreciationAndAmortization": 412000000,
        "ebitda": 2629000000,
        "ebitdaratio": 0.3346912794398472,
        "operatingIncome": 2217000000,
        "operatingIncomeRatio": 0.28224061107574794,
        "totalOtherIncomeExpensesNet": -6000000.0,
        "incomeBeforeTax": 2217000000,
        "incomeBeforeTaxRatio": 0.28224061107574794,
        "incomeTaxExpense": 665000000,
        "netIncome": 1552000000,
        "netIncomeRatio": 0.1975811584977721,
        "eps": 0.49952,
        "epsdiluted": 0.49952,
        "weightedAverageShsOut": 3107000000,
        "weightedAverageShsOutDil": 3107000000,
        "link": "https://www.sec.gov/Archives/edgar/data/200406/000020040601500003/0000200406-01-500003-index.html",
        "finalLink": "https://www.sec.gov/Archives/edgar/data/200406/000020040601500003/jnj10q2001q1b.txt"
    },
    {
        "date": "2000-12-31",
        "symbol": "JNJ",
        "reportedCurrency": "USD",
        "fillingDate": "2001-06-28",
        "acceptedDate": "2001-06-28",
        "period": "Q4",
        "revenue": 7108000000,
        "costOfRevenue": 1853000000,
        "grossProfit": 5255000000,
        "grossProfitRatio": 0.7393078221722004,
        "researchAndDevelopmentExpenses": 930000000,
        "generalAndAdministrativeExpenses": 2846000000,
        "sellingAndMarketingExpenses": 0.0,
        "otherExpenses": 0.0,
        "operatingExpenses": 4108000000,
        "costAndExpenses": 5961000000,
        "interestExpense": 0.0,
        "depreciationAndAmortization": 332000000,
        "ebitda": 1479000000,
        "ebitdaratio": 0.20807540799099605,
        "operatingIncome": 1147000000,
        "operatingIncomeRatio": 0.16136747326955542,
        "totalOtherIncomeExpensesNet": -113000000,
        "incomeBeforeTax": 1118000000,
        "incomeBeforeTaxRatio": 0.15728756330894766,
        "incomeTaxExpense": 227000000,
        "netIncome": 891000000,
        "netIncomeRatio": 0.12535171637591447,
        "eps": 0.2862190812720848,
        "epsdiluted": 0.2862190812720848,
        "weightedAverageShsOut": 3113000000,
        "weightedAverageShsOutDil": 3113000000,
        "link": "https://www.sec.gov/Archives/edgar/data/200406/000095012301503933/0000950123-01-503933-index.htm",
        "finalLink": "https://www.sec.gov/Archives/edgar/data/200406/000095012301503933/y50785e10-k405a.txt"
    },
    {
        "date": "2000-10-01",
        "symbol": "JNJ",
        "reportedCurrency": "USD",
        "fillingDate": "2000-10-31 00:00:00",
        "acceptedDate": "2000-10-31 00:00:00",
        "period": "Q3",
        "revenue": 7438000000,
        "costOfRevenue": 2191000000,
        "grossProfit": 5247000000,
        "grossProfitRatio": 0.7054315676257058,
        "researchAndDevelopmentExpenses": 739000000,
        "generalAndAdministrativeExpenses": 2767000000,
        "sellingAndMarketingExpenses": 0.0,
        "otherExpenses": -14000000,
        "operatingExpenses": 3413000000,
        "costAndExpenses": 5604000000,
        "interestExpense": 0.0,
        "depreciationAndAmortization": 407000000,
        "ebitda": 2241000000,
        "ebitdaratio": 0.3012906695348212,
        "operatingIncome": 1834000000,
        "operatingIncomeRatio": 0.24657165904813122,
        "totalOtherIncomeExpensesNet": -14000000,
        "incomeBeforeTax": 1834000000,
        "incomeBeforeTaxRatio": 0.24657165904813122,
        "incomeTaxExpense": 511000000,
        "netIncome": 1323000000,
        "netIncomeRatio": 0.17787039526754503,
        "eps": 0.42499,
        "epsdiluted": 0.42499,
        "weightedAverageShsOut": 3113000000,
        "weightedAverageShsOutDil": 3113000000,
        "link": "https://www.sec.gov/Archives/edgar/data/200406/000020040600000004/0000200406-00-000004-index.html",
        "finalLink": "https://www.sec.gov/Archives/edgar/data/200406/000020040600000004/0000200406-00-000004-0001.txt"
    },
    {
        "date": "2000-07-02",
        "symbol": "JNJ",
        "reportedCurrency": "USD",
        "fillingDate": "2000-08-15 00:00:00",
        "acceptedDate": "2000-08-15 00:00:00",
        "period": "Q2",
        "revenue": 7670000000,
        "costOfRevenue": 2261000000,
        "grossProfit": 5409000000,
        "grossProfitRatio": 0.7052151238591916,
        "researchAndDevelopmentExpenses": 713000000,
        "generalAndAdministrativeExpenses": 2829000000,
        "sellingAndMarketingExpenses": 0.0,
        "otherExpenses": -11000000,
        "operatingExpenses": 3496000000,
        "costAndExpenses": 5757000000,
        "interestExpense": 0.0,
        "depreciationAndAmortization": 388000000,
        "ebitda": 2301000000,
        "ebitdaratio": 0.3,
        "operatingIncome": 1913000000,
        "operatingIncomeRatio": 0.24941329856584094,
        "totalOtherIncomeExpensesNet": -11000000,
        "incomeBeforeTax": 1913000000,
        "incomeBeforeTaxRatio": 0.24941329856584094,
        "incomeTaxExpense": 550000000,
        "netIncome": 1363000000,
        "netIncomeRatio": 0.17770534550195566,
        "eps": 0.44039,
        "epsdiluted": 0.44039,
        "weightedAverageShsOut": 3095000000,
        "weightedAverageShsOutDil": 3095000000,
        "link": "https://www.sec.gov/Archives/edgar/data/200406/000020040600000003/0000200406-00-000003-index.html",
        "finalLink": "https://www.sec.gov/Archives/edgar/data/200406/000020040600000003/0000200406-00-000003-0001.txt"
    },
    {
        "date": "2000-04-02",
        "symbol": "JNJ",
        "reportedCurrency": "USD",
        "fillingDate": "2000-05-15 00:00:00",
        "acceptedDate": "2000-05-15 00:00:00",
        "period": "Q1",
        "revenue": 7440000000,
        "costOfRevenue": 2242000000,
        "grossProfit": 5198000000,
        "grossProfitRatio": 0.6986559139784946,
        "researchAndDevelopmentExpenses": 677000000,
        "generalAndAdministrativeExpenses": 2679000000,
        "sellingAndMarketingExpenses": 0.0,
        "otherExpenses": -50000000,
        "operatingExpenses": 3284000000,
        "costAndExpenses": 5526000000,
        "interestExpense": 0.0,
        "depreciationAndAmortization": 444000000,
        "ebitda": 2358000000,
        "ebitdaratio": 0.31693548387096776,
        "operatingIncome": 1914000000,
        "operatingIncomeRatio": 0.25725806451612904,
        "totalOtherIncomeExpensesNet": -50000000,
        "incomeBeforeTax": 1914000000,
        "incomeBeforeTaxRatio": 0.25725806451612904,
        "incomeTaxExpense": 583000000,
        "netIncome": 1331000000,
        "netIncomeRatio": 0.1788978494623656,
        "eps": 0.43088,
        "epsdiluted": 0.43088,
        "weightedAverageShsOut": 3089000000,
        "weightedAverageShsOutDil": 3089000000,
        "link": "https://www.sec.gov/Archives/edgar/data/200406/000020040600000002/0000200406-00-000002-index.html",
        "finalLink": "https://www.sec.gov/Archives/edgar/data/200406/0000200406-00-000002.txt"
    },
    {
        "date": "2000-01-02",
        "symbol": "JNJ",
        "reportedCurrency": "USD",
        "fillingDate": "2000-01-02",
        "acceptedDate": "2000-01-02",
        "period": "Q4",
        "revenue": 7070000000,
        "costOfRevenue": 2220000000,
        "grossProfit": 4850000000,
        "grossProfitRatio": 0.685997171145686,
        "researchAndDevelopmentExpenses": 862000000,
        "generalAndAdministrativeExpenses": 2939000000,
        "sellingAndMarketingExpenses": 0.0,
        "otherExpenses": 73000000,
        "operatingExpenses": 3869000000,
        "costAndExpenses": 6089000000,
        "interestExpense": 0.0,
        "depreciationAndAmortization": 344000000,
        "ebitda": 1325000000,
        "ebitdaratio": 0.18741159830268742,
        "operatingIncome": 981000000,
        "operatingIncomeRatio": 0.13875530410183876,
        "totalOtherIncomeExpensesNet": 73000000,
        "incomeBeforeTax": 981000000,
        "incomeBeforeTaxRatio": 0.13875530410183876,
        "incomeTaxExpense": 217000000,
        "netIncome": 764000000,
        "netIncomeRatio": 0.10806223479490806,
        "eps": 0.25181,
        "epsdiluted": 0.25181,
        "weightedAverageShsOut": 3034000000,
        "weightedAverageShsOutDil": 3034000000,
        "link": "",
        "finalLink": ""
    },
    {
        "date": "1999-10-03",
        "symbol": "JNJ",
        "reportedCurrency": "USD",
        "fillingDate": "1999-11-16 00:00:00",
        "acceptedDate": "1999-11-16 00:00:00",
        "period": "Q3",
        "revenue": 7106000000,
        "costOfRevenue": 2113000000,
        "grossProfit": 4993000000,
        "grossProfitRatio": 0.7026456515620603,
        "researchAndDevelopmentExpenses": 676000000,
        "generalAndAdministrativeExpenses": 2683000000,
        "sellingAndMarketingExpenses": 0.0,
        "otherExpenses": 43000000,
        "operatingExpenses": 3399000000,
        "costAndExpenses": 5512000000,
        "interestExpense": 0.0,
        "depreciationAndAmortization": 399000000,
        "ebitda": 1993000000,
        "ebitdaratio": 0.2804672108077681,
        "operatingIncome": 1594000000,
        "operatingIncomeRatio": 0.22431747818744724,
        "totalOtherIncomeExpensesNet": 43000000,
        "incomeBeforeTax": 1594000000,
        "incomeBeforeTaxRatio": 0.22431747818744724,
        "incomeTaxExpense": 440000000,
        "netIncome": 1154000000,
        "netIncomeRatio": 0.16239797354348437,
        "eps": 0.37322,
        "epsdiluted": 0.37322,
        "weightedAverageShsOut": 3092000000,
        "weightedAverageShsOutDil": 3092000000,
        "link": "https://www.sec.gov/Archives/edgar/data/200406/000020040699000009/0000200406-99-000009-index.html",
        "finalLink": "https://www.sec.gov/Archives/edgar/data/200406/0000200406-99-000009.txt"
    },
    {
        "date": "1999-07-04",
        "symbol": "JNJ",
        "reportedCurrency": "USD",
        "fillingDate": "1999-08-13 00:00:00",
        "acceptedDate": "1999-08-13 00:00:00",
        "period": "Q2",
        "revenue": 7166000000,
        "costOfRevenue": 2163000000,
        "grossProfit": 5003000000,
        "grossProfitRatio": 0.6981579681830868,
        "researchAndDevelopmentExpenses": 644000000,
        "generalAndAdministrativeExpenses": 2648000000,
        "sellingAndMarketingExpenses": 0.0,
        "otherExpenses": 17000000,
        "operatingExpenses": 3324000000,
        "costAndExpenses": 5487000000,
        "interestExpense": 0.0,
        "depreciationAndAmortization": 338000000,
        "ebitda": 2017000000,
        "ebitdaratio": 0.28146804353893384,
        "operatingIncome": 1679000000,
        "operatingIncomeRatio": 0.2343008651967625,
        "totalOtherIncomeExpensesNet": 17000000,
        "incomeBeforeTax": 1679000000,
        "incomeBeforeTaxRatio": 0.2343008651967625,
        "incomeTaxExpense": 481000000,
        "netIncome": 1198000000,
        "netIncomeRatio": 0.1671783421713648,
        "eps": 0.39048,
        "epsdiluted": 0.39048,
        "weightedAverageShsOut": 3068000000,
        "weightedAverageShsOutDil": 3068000000,
        "link": "https://www.sec.gov/Archives/edgar/data/200406/000020040699000005/0000200406-99-000005-index.html",
        "finalLink": "https://www.sec.gov/Archives/edgar/data/200406/0000200406-99-000005.txt"
    },
    {
        "date": "1999-04-04",
        "symbol": "JNJ",
        "reportedCurrency": "USD",
        "fillingDate": "1999-05-17 00:00:00",
        "acceptedDate": "1999-05-17 00:00:00",
        "period": "Q1",
        "revenue": 6925000000,
        "costOfRevenue": 2104000000,
        "grossProfit": 4821000000,
        "grossProfitRatio": 0.6961732851985559,
        "researchAndDevelopmentExpenses": 601000000,
        "generalAndAdministrativeExpenses": 2492000000,
        "sellingAndMarketingExpenses": 0.0,
        "otherExpenses": 48000000,
        "operatingExpenses": 3189000000,
        "costAndExpenses": 5293000000,
        "interestExpense": 0.0,
        "depreciationAndAmortization": 429000000,
        "ebitda": 2061000000,
        "ebitdaratio": 0.2976173285198556,
        "operatingIncome": 1632000000,
        "operatingIncomeRatio": 0.2356678700361011,
        "totalOtherIncomeExpensesNet": 48000000,
        "incomeBeforeTax": 1632000000,
        "incomeBeforeTaxRatio": 0.2356678700361011,
        "incomeTaxExpense": 490000000,
        "netIncome": 1142000000,
        "netIncomeRatio": 0.16490974729241878,
        "eps": 0.37541,
        "epsdiluted": 0.37541,
        "weightedAverageShsOut": 3042000000,
        "weightedAverageShsOutDil": 3042000000,
        "link": "https://www.sec.gov/Archives/edgar/data/200406/000020040699000002/0000200406-99-000002-index.html",
        "finalLink": "https://www.sec.gov/Archives/edgar/data/200406/0000200406-99-000002.txt"
    },
    {
        "date": "1999-01-03",
        "symbol": "JNJ",
        "reportedCurrency": "USD",
        "fillingDate": "1999-04-01 00:00:00",
        "acceptedDate": "1999-04-01 00:00:00",
        "period": "Q4",
        "revenue": 6877000000,
        "costOfRevenue": 2293000000,
        "grossProfit": 4584000000,
        "grossProfitRatio": 0.6665697251708594,
        "researchAndDevelopmentExpenses": 850000000,
        "generalAndAdministrativeExpenses": 2713000000,
        "sellingAndMarketingExpenses": 0.0,
        "otherExpenses": 97000000,
        "operatingExpenses": 4489000000,
        "costAndExpenses": 6782000000,
        "interestExpense": 0.0,
        "depreciationAndAmortization": 386000000,
        "ebitda": 481000000,
        "ebitdaratio": 0.06994328922495274,
        "operatingIncome": 95000000,
        "operatingIncomeRatio": 0.013814163152537444,
        "totalOtherIncomeExpensesNet": 97000000,
        "incomeBeforeTax": 95000000,
        "incomeBeforeTaxRatio": 0.013814163152537444,
        "incomeTaxExpense": 46000000,
        "netIncome": 49000000,
        "netIncomeRatio": 0.0071251999418351026,
        "eps": 0.01493,
        "epsdiluted": 0.01493,
        "weightedAverageShsOut": 3282000000,
        "weightedAverageShsOutDil": 3282000000,
        "link": "https://www.sec.gov/Archives/edgar/data/200406/000095012399002942/0000950123-99-002942-index.html",
        "finalLink": "https://www.sec.gov/Archives/edgar/data/200406/0000950123-99-002942.txt"
    },
    {
        "date": "1998-09-27",
        "symbol": "JNJ",
        "reportedCurrency": "USD",
        "fillingDate": "1998-11-10 00:00:00",
        "acceptedDate": "1998-11-10 00:00:00",
        "period": "Q3",
        "revenue": 5897000000,
        "costOfRevenue": 1791000000,
        "grossProfit": 4106000000,
        "grossProfitRatio": 0.6962862472443615,
        "researchAndDevelopmentExpenses": 560000000,
        "generalAndAdministrativeExpenses": 2191000000,
        "sellingAndMarketingExpenses": 0.0,
        "otherExpenses": 22000000,
        "operatingExpenses": 2746000000,
        "costAndExpenses": 4537000000,
        "interestExpense": 0.0,
        "depreciationAndAmortization": 301000000,
        "ebitda": 1661000000,
        "ebitdaratio": 0.2816686450737663,
        "operatingIncome": 1360000000,
        "operatingIncomeRatio": 0.23062574190266238,
        "totalOtherIncomeExpensesNet": 22000000,
        "incomeBeforeTax": 1360000000,
        "incomeBeforeTaxRatio": 0.23062574190266238,
        "incomeTaxExpense": 371000000,
        "netIncome": 989000000,
        "netIncomeRatio": 0.16771239613362726,
        "eps": 0.33594,
        "epsdiluted": 0.33594,
        "weightedAverageShsOut": 2944000000,
        "weightedAverageShsOutDil": 2944000000,
        "link": "https://www.sec.gov/Archives/edgar/data/200406/000020040698000005/0000200406-98-000005-index.html",
        "finalLink": "https://www.sec.gov/Archives/edgar/data/200406/0000200406-98-000005.txt"
    },
    {
        "date": "1998-06-28",
        "symbol": "JNJ",
        "reportedCurrency": "USD",
        "fillingDate": "1998-08-07 00:00:00",
        "acceptedDate": "1998-08-07 00:00:00",
        "period": "Q2",
        "revenue": 5941000000,
        "costOfRevenue": 1838000000,
        "grossProfit": 4103000000,
        "grossProfitRatio": 0.6906244739942771,
        "researchAndDevelopmentExpenses": 575000000,
        "generalAndAdministrativeExpenses": 2141000000,
        "sellingAndMarketingExpenses": 0.0,
        "otherExpenses": -6000000.0,
        "operatingExpenses": 2686000000,
        "costAndExpenses": 4524000000,
        "interestExpense": 0.0,
        "depreciationAndAmortization": 328000000,
        "ebitda": 1745000000,
        "ebitdaratio": 0.2937215956909611,
        "operatingIncome": 1417000000,
        "operatingIncomeRatio": 0.23851203501094093,
        "totalOtherIncomeExpensesNet": -6000000.0,
        "incomeBeforeTax": 1417000000,
        "incomeBeforeTaxRatio": 0.23851203501094093,
        "incomeTaxExpense": 382000000,
        "netIncome": 1035000000,
        "netIncomeRatio": 0.17421309543847838,
        "eps": 0.34943,
        "epsdiluted": 0.34943,
        "weightedAverageShsOut": 2962000000,
        "weightedAverageShsOutDil": 2962000000,
        "link": "https://www.sec.gov/Archives/edgar/data/200406/000020040698000003/0000200406-98-000003-index.html",
        "finalLink": "https://www.sec.gov/Archives/edgar/data/200406/0000200406-98-000003.txt"
    },
    {
        "date": "1998-03-29",
        "symbol": "JNJ",
        "reportedCurrency": "USD",
        "fillingDate": "1998-05-11 00:00:00",
        "acceptedDate": "1998-05-11 00:00:00",
        "period": "Q1",
        "revenue": 5927000000,
        "costOfRevenue": 1808000000,
        "grossProfit": 4119000000,
        "grossProfitRatio": 0.6949552893538046,
        "researchAndDevelopmentExpenses": 534000000,
        "generalAndAdministrativeExpenses": 2124000000,
        "sellingAndMarketingExpenses": 0.0,
        "otherExpenses": 4000000.0,
        "operatingExpenses": 2643000000,
        "costAndExpenses": 4451000000,
        "interestExpense": 0.0,
        "depreciationAndAmortization": 304000000,
        "ebitda": 1780000000,
        "ebitdaratio": 0.3003205668972499,
        "operatingIncome": 1476000000,
        "operatingIncomeRatio": 0.24902986333727012,
        "totalOtherIncomeExpensesNet": 4000000.0,
        "incomeBeforeTax": 1476000000,
        "incomeBeforeTaxRatio": 0.24902986333727012,
        "incomeTaxExpense": 438000000,
        "netIncome": 1038000000,
        "netIncomeRatio": 0.17513075755019403,
        "eps": 0.35234,
        "epsdiluted": 0.35234,
        "weightedAverageShsOut": 2946000000,
        "weightedAverageShsOutDil": 2946000000,
        "link": "https://www.sec.gov/Archives/edgar/data/200406/000020040698000002/0000200406-98-000002-index.html",
        "finalLink": "https://www.sec.gov/Archives/edgar/data/200406/0000200406-98-000002.txt"
    },
    {
        "date": "1997-12-28",
        "symbol": "JNJ",
        "reportedCurrency": "USD",
        "fillingDate": "1997-12-28",
        "acceptedDate": "1997-12-28",
        "period": "Q4",
        "revenue": 5997000000,
        "costOfRevenue": 1994000000,
        "grossProfit": 4003000000,
        "grossProfitRatio": 0.6675004168751042,
        "researchAndDevelopmentExpenses": 759000000,
        "generalAndAdministrativeExpenses": 2378000000,
        "sellingAndMarketingExpenses": 0.0,
        "otherExpenses": 89000000,
        "operatingExpenses": 3218000000,
        "costAndExpenses": 5212000000,
        "interestExpense": 0.0,
        "depreciationAndAmortization": 220000000,
        "ebitda": 1005000000,
        "ebitdaratio": 0.16758379189594796,
        "operatingIncome": 785000000,
        "operatingIncomeRatio": 0.13089878272469568,
        "totalOtherIncomeExpensesNet": 89000000,
        "incomeBeforeTax": 785000000,
        "incomeBeforeTaxRatio": 0.13089878272469568,
        "incomeTaxExpense": 147000000,
        "netIncome": 638000000,
        "netIncomeRatio": 0.10638652659663166,
        "eps": 0.19142,
        "epsdiluted": 0.19142,
        "weightedAverageShsOut": 3333000000,
        "weightedAverageShsOutDil": 3333000000,
        "link": "",
        "finalLink": ""
    },
    {
        "date": "1997-09-28",
        "symbol": "JNJ",
        "reportedCurrency": "USD",
        "fillingDate": "1997-11-07 00:00:00",
        "acceptedDate": "1997-11-07 00:00:00",
        "period": "Q3",
        "revenue": 5701000000,
        "costOfRevenue": 1772000000,
        "grossProfit": 3929000000,
        "grossProfitRatio": 0.689177337309244,
        "researchAndDevelopmentExpenses": 558000000,
        "generalAndAdministrativeExpenses": 2160000000,
        "sellingAndMarketingExpenses": 0.0,
        "otherExpenses": -13000000,
        "operatingExpenses": 3042000000,
        "costAndExpenses": 4814000000,
        "interestExpense": 0.0,
        "depreciationAndAmortization": 331000000,
        "ebitda": 1218000000,
        "ebitdaratio": 0.21364672864409753,
        "operatingIncome": 887000000,
        "operatingIncomeRatio": 0.1555867391685669,
        "totalOtherIncomeExpensesNet": -13000000,
        "incomeBeforeTax": 887000000,
        "incomeBeforeTaxRatio": 0.1555867391685669,
        "incomeTaxExpense": 359000000,
        "netIncome": 528000000,
        "netIncomeRatio": 0.0926153306437467,
        "eps": 0.18238,
        "epsdiluted": 0.18238,
        "weightedAverageShsOut": 2895000000,
        "weightedAverageShsOutDil": 2895000000,
        "link": "https://www.sec.gov/Archives/edgar/data/200406/000020040697000012/0000200406-97-000012-index.html",
        "finalLink": "https://www.sec.gov/Archives/edgar/data/200406/0000200406-97-000012.txt"
    },
    {
        "date": "1997-06-29",
        "symbol": "JNJ",
        "reportedCurrency": "USD",
        "fillingDate": "1997-08-08 00:00:00",
        "acceptedDate": "1997-08-08 00:00:00",
        "period": "Q2",
        "revenue": 5816000000,
        "costOfRevenue": 1772000000,
        "grossProfit": 4044000000,
        "grossProfitRatio": 0.6953232462173315,
        "researchAndDevelopmentExpenses": 560000000,
        "generalAndAdministrativeExpenses": 2155000000,
        "sellingAndMarketingExpenses": 0.0,
        "otherExpenses": 1000000.0,
        "operatingExpenses": 2708000000,
        "costAndExpenses": 4480000000,
        "interestExpense": 0.0,
        "depreciationAndAmortization": 276000000,
        "ebitda": 1612000000,
        "ebitdaratio": 0.27716643741403024,
        "operatingIncome": 1336000000,
        "operatingIncomeRatio": 0.2297111416781293,
        "totalOtherIncomeExpensesNet": 1000000.0,
        "incomeBeforeTax": 1336000000,
        "incomeBeforeTaxRatio": 0.2297111416781293,
        "incomeTaxExpense": 401000000,
        "netIncome": 935000000,
        "netIncomeRatio": 0.16076341127922972,
        "eps": 0.31911,
        "epsdiluted": 0.31911,
        "weightedAverageShsOut": 2930000000,
        "weightedAverageShsOutDil": 2930000000,
        "link": "https://www.sec.gov/Archives/edgar/data/200406/000020040697000009/0000200406-97-000009-index.html",
        "finalLink": "https://www.sec.gov/Archives/edgar/data/200406/0000200406-97-000009.txt"
    },
    {
        "date": "1997-03-30",
        "symbol": "JNJ",
        "reportedCurrency": "USD",
        "fillingDate": "1997-05-09 00:00:00",
        "acceptedDate": "1997-05-09 00:00:00",
        "period": "Q1",
        "revenue": 5820000000,
        "costOfRevenue": 1792000000,
        "grossProfit": 4028000000,
        "grossProfitRatio": 0.6920962199312715,
        "researchAndDevelopmentExpenses": 513000000,
        "generalAndAdministrativeExpenses": 2149000000,
        "sellingAndMarketingExpenses": 0.0,
        "otherExpenses": 11000000,
        "operatingExpenses": 2684000000,
        "costAndExpenses": 4476000000,
        "interestExpense": 0.0,
        "depreciationAndAmortization": 286000000,
        "ebitda": 1630000000,
        "ebitdaratio": 0.2800687285223368,
        "operatingIncome": 1344000000,
        "operatingIncomeRatio": 0.2309278350515464,
        "totalOtherIncomeExpensesNet": 11000000,
        "incomeBeforeTax": 1344000000,
        "incomeBeforeTaxRatio": 0.2309278350515464,
        "incomeTaxExpense": 409000000,
        "netIncome": 935000000,
        "netIncomeRatio": 0.16065292096219932,
        "eps": 0.31922,
        "epsdiluted": 0.31922,
        "weightedAverageShsOut": 2929000000,
        "weightedAverageShsOutDil": 2929000000,
        "link": "https://www.sec.gov/Archives/edgar/data/200406/000020040697000001/0000200406-97-000001-index.html",
        "finalLink": "https://www.sec.gov/Archives/edgar/data/200406/0000200406-97-000001.txt"
    },
    {
        "date": "1996-12-29",
        "symbol": "JNJ",
        "reportedCurrency": "USD",
        "fillingDate": "1996-12-29",
        "acceptedDate": "1996-12-29",
        "period": "Q4",
        "revenue": 5610000000,
        "costOfRevenue": 1870000000,
        "grossProfit": 3740000000,
        "grossProfitRatio": 0.6666666666666666,
        "researchAndDevelopmentExpenses": 629000000,
        "generalAndAdministrativeExpenses": 2292000000,
        "sellingAndMarketingExpenses": 0.0,
        "otherExpenses": 46000000,
        "operatingExpenses": 2967000000,
        "costAndExpenses": 4837000000,
        "interestExpense": 0.0,
        "depreciationAndAmortization": 255000000,
        "ebitda": 1028000000,
        "ebitdaratio": 0.18324420677361855,
        "operatingIncome": 773000000,
        "operatingIncomeRatio": 0.13778966131907308,
        "totalOtherIncomeExpensesNet": 46000000,
        "incomeBeforeTax": 773000000,
        "incomeBeforeTaxRatio": 0.13778966131907308,
        "incomeTaxExpense": 190000000,
        "netIncome": 583000000,
        "netIncomeRatio": 0.10392156862745099,
        "eps": 0.20674,
        "epsdiluted": 0.20674,
        "weightedAverageShsOut": 2820000000,
        "weightedAverageShsOutDil": 2820000000,
        "link": "",
        "finalLink": ""
    },
    {
        "date": "1996-09-30",
        "symbol": "JNJ",
        "reportedCurrency": "USD",
        "fillingDate": "1996-11-12 00:00:00",
        "acceptedDate": "1996-11-12 00:00:00",
        "period": "Q3",
        "revenue": 5402000000,
        "costOfRevenue": 1449000000,
        "grossProfit": 3953000000,
        "grossProfitRatio": 0.7317660125879304,
        "researchAndDevelopmentExpenses": 0.0,
        "generalAndAdministrativeExpenses": 2533000000,
        "sellingAndMarketingExpenses": 0.0,
        "otherExpenses": 0.0,
        "operatingExpenses": 2799000000,
        "costAndExpenses": 4248000000,
        "interestExpense": 0.0,
        "depreciationAndAmortization": 266000000,
        "ebitda": 1420000000,
        "ebitdaratio": 0.2628656053313588,
        "operatingIncome": 1154000000,
        "operatingIncomeRatio": 0.2136245834875972,
        "totalOtherIncomeExpensesNet": -63000000,
        "incomeBeforeTax": 1059000000,
        "incomeBeforeTaxRatio": 0.19603850425768235,
        "incomeTaxExpense": 309000000,
        "netIncome": 750000000,
        "netIncomeRatio": 0.1388374676045909,
        "eps": 0.28,
        "epsdiluted": 0.275,
        "weightedAverageShsOut": 2678571429,
        "weightedAverageShsOutDil": 2727272727,
        "link": "https://www.sec.gov/Archives/edgar/data/200406/000020040696000005/0000200406-96-000005-index.html",
        "finalLink": "https://www.sec.gov/Archives/edgar/data/200406/0000200406-96-000005.txt"
    },
    {
        "date": "1996-06-30",
        "symbol": "JNJ",
        "reportedCurrency": "USD",
        "fillingDate": "1996-08-09 00:00:00",
        "acceptedDate": "1996-08-09 00:00:00",
        "period": "Q2",
        "revenue": 5382000000,
        "costOfRevenue": 1484000000,
        "grossProfit": 3898000000,
        "grossProfitRatio": 0.7242660720921591,
        "researchAndDevelopmentExpenses": 0.0,
        "generalAndAdministrativeExpenses": 2475000000,
        "sellingAndMarketingExpenses": 0.0,
        "otherExpenses": 0.0,
        "operatingExpenses": 2723000000,
        "costAndExpenses": 4207000000,
        "interestExpense": 0.0,
        "depreciationAndAmortization": 248000000,
        "ebitda": 1423000000,
        "ebitdaratio": 0.2643998513563731,
        "operatingIncome": 1175000000,
        "operatingIncomeRatio": 0.2183203270159792,
        "totalOtherIncomeExpensesNet": -26000000,
        "incomeBeforeTax": 1119000000,
        "incomeBeforeTaxRatio": 0.20791527313266445,
        "incomeTaxExpense": 328000000,
        "netIncome": 791000000,
        "netIncomeRatio": 0.1469713861018209,
        "eps": 0.3,
        "epsdiluted": 0.29,
        "weightedAverageShsOut": 2636666667,
        "weightedAverageShsOutDil": 2727586207,
        "link": "https://www.sec.gov/Archives/edgar/data/200406/000020040696000003/0000200406-96-000003-index.html",
        "finalLink": "https://www.sec.gov/Archives/edgar/data/200406/0000200406-96-000003.txt"
    },
    {
        "date": "1996-03-31",
        "symbol": "JNJ",
        "reportedCurrency": "USD",
        "fillingDate": "1996-05-10 00:00:00",
        "acceptedDate": "1996-05-10 00:00:00",
        "period": "Q1",
        "revenue": 5334000000,
        "costOfRevenue": 1475000000,
        "grossProfit": 3859000000,
        "grossProfitRatio": 0.7234720659917511,
        "researchAndDevelopmentExpenses": 0.0,
        "generalAndAdministrativeExpenses": 2424000000,
        "sellingAndMarketingExpenses": 0.0,
        "otherExpenses": 0.0,
        "operatingExpenses": 2668000000,
        "costAndExpenses": 4143000000,
        "interestExpense": 0.0,
        "depreciationAndAmortization": 244000000,
        "ebitda": 1435000000,
        "ebitdaratio": 0.2690288713910761,
        "operatingIncome": 1191000000,
        "operatingIncomeRatio": 0.2232845894263217,
        "totalOtherIncomeExpensesNet": -32000000,
        "incomeBeforeTax": 1124000000,
        "incomeBeforeTaxRatio": 0.21072365954255717,
        "incomeTaxExpense": 334000000,
        "netIncome": 790000000,
        "netIncomeRatio": 0.14810648668916385,
        "eps": 0.295,
        "epsdiluted": 0.29,
        "weightedAverageShsOut": 2677966102,
        "weightedAverageShsOutDil": 2724137931,
        "link": "https://www.sec.gov/Archives/edgar/data/200406/000020040696000001/0000200406-96-000001-index.html",
        "finalLink": "https://www.sec.gov/Archives/edgar/data/200406/0000200406-96-000001.txt"
    },
    {
        "date": "1995-12-31",
        "symbol": "JNJ",
        "reportedCurrency": "USD",
        "fillingDate": "1995-12-31",
        "acceptedDate": "1995-12-31",
        "period": "Q4",
        "revenue": 4846000000,
        "costOfRevenue": 1430000000,
        "grossProfit": 3416000000,
        "grossProfitRatio": 0.70491126702435,
        "researchAndDevelopmentExpenses": 0.0,
        "generalAndAdministrativeExpenses": 2417000000,
        "sellingAndMarketingExpenses": 0.0,
        "otherExpenses": 0.0,
        "operatingExpenses": 2670000000,
        "costAndExpenses": 4100000000,
        "interestExpense": 0.0,
        "depreciationAndAmortization": 253000000,
        "ebitda": 999000000,
        "ebitdaratio": 0.20614940156830375,
        "operatingIncome": 746000000,
        "operatingIncomeRatio": 0.15394139496491951,
        "totalOtherIncomeExpensesNet": -125000000,
        "incomeBeforeTax": 593000000,
        "incomeBeforeTaxRatio": 0.12236896409409823,
        "incomeTaxExpense": 128000000,
        "netIncome": 465000000,
        "netIncomeRatio": 0.09595542715641767,
        "eps": 0.16595289079229122,
        "epsdiluted": 0.16595289079229122,
        "weightedAverageShsOut": 2802000000,
        "weightedAverageShsOutDil": 2802000000,
        "link": "",
        "finalLink": ""
    },
    {
        "date": "1995-10-01",
        "symbol": "JNJ",
        "reportedCurrency": "USD",
        "fillingDate": "1995-11-13 00:00:00",
        "acceptedDate": "1995-11-13 00:00:00",
        "period": "Q3",
        "revenue": 4817000000,
        "costOfRevenue": 1558000000,
        "grossProfit": 3259000000,
        "grossProfitRatio": 0.6765621756279843,
        "researchAndDevelopmentExpenses": 421000000,
        "generalAndAdministrativeExpenses": 1865000000,
        "sellingAndMarketingExpenses": 0.0,
        "otherExpenses": -6000000.0,
        "operatingExpenses": 2358000000,
        "costAndExpenses": 3916000000,
        "interestExpense": 0.0,
        "depreciationAndAmortization": 204000000,
        "ebitda": 1105000000,
        "ebitdaratio": 0.22939588955781606,
        "operatingIncome": 901000000,
        "operatingIncomeRatio": 0.18704587917791157,
        "totalOtherIncomeExpensesNet": -6000000.0,
        "incomeBeforeTax": 901000000,
        "incomeBeforeTaxRatio": 0.18704587917791157,
        "incomeTaxExpense": 260000000,
        "netIncome": 641000000,
        "netIncomeRatio": 0.13307037575254307,
        "eps": 0.22877,
        "epsdiluted": 0.22877,
        "weightedAverageShsOut": 2802000000,
        "weightedAverageShsOutDil": 2802000000,
        "link": "https://www.sec.gov/Archives/edgar/data/200406/000020040695000007/0000200406-95-000007-index.html",
        "finalLink": "https://www.sec.gov/Archives/edgar/data/200406/0000200406-95-000007.txt"
    },
    {
        "date": "1995-07-02",
        "symbol": "JNJ",
        "reportedCurrency": "USD",
        "fillingDate": "1995-08-11 00:00:00",
        "acceptedDate": "1995-08-11 00:00:00",
        "period": "Q2",
        "revenue": 4839000000,
        "costOfRevenue": 1579000000,
        "grossProfit": 3260000000,
        "grossProfitRatio": 0.6736929117586278,
        "researchAndDevelopmentExpenses": 404000000,
        "generalAndAdministrativeExpenses": 1865000000,
        "sellingAndMarketingExpenses": 0.0,
        "otherExpenses": -6000000.0,
        "operatingExpenses": 2300000000,
        "costAndExpenses": 3879000000,
        "interestExpense": 0.0,
        "depreciationAndAmortization": 203000000,
        "ebitda": 1163000000,
        "ebitdaratio": 0.24033891299855342,
        "operatingIncome": 960000000,
        "operatingIncomeRatio": 0.19838809671419716,
        "totalOtherIncomeExpensesNet": -6000000.0,
        "incomeBeforeTax": 960000000,
        "incomeBeforeTaxRatio": 0.19838809671419716,
        "incomeTaxExpense": 281000000,
        "netIncome": 679000000,
        "netIncomeRatio": 0.14031824757181235,
        "eps": 0.24745,
        "epsdiluted": 0.24745,
        "weightedAverageShsOut": 2744000000,
        "weightedAverageShsOutDil": 2744000000,
        "link": "https://www.sec.gov/Archives/edgar/data/200406/000020040695000005/0000200406-95-000005-index.html",
        "finalLink": "https://www.sec.gov/Archives/edgar/data/200406/0000200406-95-000005.txt"
    },
    {
        "date": "1995-04-02",
        "symbol": "JNJ",
        "reportedCurrency": "USD",
        "fillingDate": "1995-05-12 00:00:00",
        "acceptedDate": "1995-05-12 00:00:00",
        "period": "Q1",
        "revenue": 4570000000,
        "costOfRevenue": 1463000000,
        "grossProfit": 3107000000,
        "grossProfitRatio": 0.6798687089715536,
        "researchAndDevelopmentExpenses": 375000000,
        "generalAndAdministrativeExpenses": 1729000000,
        "sellingAndMarketingExpenses": 0.0,
        "otherExpenses": 22000000,
        "operatingExpenses": 2159000000,
        "costAndExpenses": 3622000000,
        "interestExpense": 0.0,
        "depreciationAndAmortization": 208000000,
        "ebitda": 1156000000,
        "ebitdaratio": 0.25295404814004374,
        "operatingIncome": 948000000,
        "operatingIncomeRatio": 0.2074398249452954,
        "totalOtherIncomeExpensesNet": 22000000,
        "incomeBeforeTax": 948000000,
        "incomeBeforeTaxRatio": 0.2074398249452954,
        "incomeTaxExpense": 277000000,
        "netIncome": 671000000,
        "netIncomeRatio": 0.14682713347921225,
        "eps": 0.24543,
        "epsdiluted": 0.24543,
        "weightedAverageShsOut": 2734000000,
        "weightedAverageShsOutDil": 2734000000,
        "link": "https://www.sec.gov/Archives/edgar/data/200406/000020040695000003/0000200406-95-000003-index.html",
        "finalLink": "https://www.sec.gov/Archives/edgar/data/200406/0000200406-95-000003.txt"
    },
    {
        "date": "1995-01-01",
        "symbol": "JNJ",
        "reportedCurrency": "USD",
        "fillingDate": "1995-01-01",
        "acceptedDate": "1995-01-01",
        "period": "Q4",
        "revenue": 4161000000,
        "costOfRevenue": 1483000000,
        "grossProfit": 2678000000,
        "grossProfitRatio": 0.6435952895938476,
        "researchAndDevelopmentExpenses": 382000000,
        "generalAndAdministrativeExpenses": 1719000000,
        "sellingAndMarketingExpenses": 0.0,
        "otherExpenses": 58000000,
        "operatingExpenses": 2184000000,
        "costAndExpenses": 3667000000,
        "interestExpense": 0.0,
        "depreciationAndAmortization": 196000000,
        "ebitda": 690000000,
        "ebitdaratio": 0.1658255227108868,
        "operatingIncome": 494000000,
        "operatingIncomeRatio": 0.1187214611872146,
        "totalOtherIncomeExpensesNet": 58000000,
        "incomeBeforeTax": 494000000,
        "incomeBeforeTaxRatio": 0.1187214611872146,
        "incomeTaxExpense": 101000000,
        "netIncome": 393000000,
        "netIncomeRatio": 0.09444844989185291,
        "eps": 0.14385,
        "epsdiluted": 0.14385,
        "weightedAverageShsOut": 2732000000,
        "weightedAverageShsOutDil": 2732000000,
        "link": "",
        "finalLink": ""
    },
    {
        "date": "1994-10-02",
        "symbol": "JNJ",
        "reportedCurrency": "USD",
        "fillingDate": "1994-11-14 00:00:00",
        "acceptedDate": "1994-11-14 00:00:00",
        "period": "Q3",
        "revenue": 4098000000,
        "costOfRevenue": 1377000000,
        "grossProfit": 2721000000,
        "grossProfitRatio": 0.66398243045388,
        "researchAndDevelopmentExpenses": 334000000,
        "generalAndAdministrativeExpenses": 1610000000,
        "sellingAndMarketingExpenses": 0.0,
        "otherExpenses": 26000000,
        "operatingExpenses": 1988000000,
        "costAndExpenses": 3365000000,
        "interestExpense": 0.0,
        "depreciationAndAmortization": 182000000,
        "ebitda": 915000000,
        "ebitdaratio": 0.2232796486090776,
        "operatingIncome": 733000000,
        "operatingIncomeRatio": 0.17886774036115177,
        "totalOtherIncomeExpensesNet": 26000000,
        "incomeBeforeTax": 733000000,
        "incomeBeforeTaxRatio": 0.17886774036115177,
        "incomeTaxExpense": 195000000,
        "netIncome": 538000000,
        "netIncomeRatio": 0.13128355295265984,
        "eps": 0.19671,
        "epsdiluted": 0.19671,
        "weightedAverageShsOut": 2735000000,
        "weightedAverageShsOutDil": 2735000000,
        "link": "https://www.sec.gov/Archives/edgar/data/200406/000020040694000013/0000200406-94-000013-index.html",
        "finalLink": "https://www.sec.gov/Archives/edgar/data/200406/0000200406-94-000013.txt"
    },
    {
        "date": "1994-07-03",
        "symbol": "JNJ",
        "reportedCurrency": "USD",
        "fillingDate": "1994-07-08 00:00:00",
        "acceptedDate": "1994-07-08 00:00:00",
        "period": "Q2",
        "revenue": 3981000000,
        "costOfRevenue": 1301000000,
        "grossProfit": 2680000000,
        "grossProfitRatio": 0.6731976890228586,
        "researchAndDevelopmentExpenses": 332000000,
        "generalAndAdministrativeExpenses": 1566000000,
        "sellingAndMarketingExpenses": 0.0,
        "otherExpenses": -32000000,
        "operatingExpenses": 1894000000,
        "costAndExpenses": 3195000000,
        "interestExpense": 0.0,
        "depreciationAndAmortization": 182000000,
        "ebitda": 968000000,
        "ebitdaratio": 0.24315498618437578,
        "operatingIncome": 786000000,
        "operatingIncomeRatio": 0.1974378296910324,
        "totalOtherIncomeExpensesNet": -32000000,
        "incomeBeforeTax": 786000000,
        "incomeBeforeTaxRatio": 0.1974378296910324,
        "incomeTaxExpense": 212000000,
        "netIncome": 574000000,
        "netIncomeRatio": 0.14418487817131373,
        "eps": 0.2079,
        "epsdiluted": 0.2079,
        "weightedAverageShsOut": 2761000000,
        "weightedAverageShsOutDil": 2761000000,
        "link": "https://www.sec.gov/Archives/edgar/data/200406/000020040694000007/0000200406-94-000007-index.html",
        "finalLink": "https://www.sec.gov/Archives/edgar/data/200406/0000200406-94-000007.txt"
    },
    {
        "date": "1994-04-03",
        "symbol": "JNJ",
        "reportedCurrency": "USD",
        "fillingDate": "1994-05-13 00:00:00",
        "acceptedDate": "1994-05-13 00:00:00",
        "period": "Q1",
        "revenue": 3755000000,
        "costOfRevenue": 1195000000,
        "grossProfit": 2560000000,
        "grossProfitRatio": 0.681757656458056,
        "researchAndDevelopmentExpenses": 306000000,
        "generalAndAdministrativeExpenses": 1488000000,
        "sellingAndMarketingExpenses": 0.0,
        "otherExpenses": -25000000,
        "operatingExpenses": 1799000000,
        "costAndExpenses": 2994000000,
        "interestExpense": 0.0,
        "depreciationAndAmortization": 178000000,
        "ebitda": 939000000,
        "ebitdaratio": 0.2500665778961385,
        "operatingIncome": 761000000,
        "operatingIncomeRatio": 0.20266311584553928,
        "totalOtherIncomeExpensesNet": -25000000,
        "incomeBeforeTax": 761000000,
        "incomeBeforeTaxRatio": 0.20266311584553928,
        "incomeTaxExpense": 202000000,
        "netIncome": 559000000,
        "netIncomeRatio": 0.14886817576564582,
        "eps": 0.20446,
        "epsdiluted": 0.20446,
        "weightedAverageShsOut": 2734000000,
        "weightedAverageShsOutDil": 2734000000,
        "link": "https://www.sec.gov/Archives/edgar/data/200406/000020040694000004/0000200406-94-000004-index.html",
        "finalLink": "https://www.sec.gov/Archives/edgar/data/200406/0000200406-94-000004.txt"
    }
]