[
    {
        "date": "2020-06-30",
        "symbol": "PG",
        "reportedCurrency": "USD",
        "fillingDate": "2020-08-06",
        "acceptedDate": "2020-08-06 16:17:03",
        "period": "FY",
        "revenue": 70950000000,
        "costOfRevenue": 35250000000,
        "grossProfit": 35700000000,
        "grossProfitRatio": 0.5031712473572939,
        "researchAndDevelopmentExpenses": 0.0,
        "generalAndAdministrativeExpenses": 19994000000,
        "sellingAndMarketingExpenses": 0.0,
        "otherExpenses": 438000000,
        "operatingExpenses": 19994000000,
        "costAndExpenses": 55244000000,
        "interestExpense": 465000000,
        "depreciationAndAmortization": 3013000000,
        "ebitda": 18719000000,
        "ebitdaratio": 0.26383368569415083,
        "operatingIncome": 15706000000,
        "operatingIncomeRatio": 0.22136715997181114,
        "totalOtherIncomeExpensesNet": 438000000,
        "incomeBeforeTax": 15834000000,
        "incomeBeforeTaxRatio": 0.22317124735729388,
        "incomeTaxExpense": 2731000000,
        "netIncome": 13027000000,
        "netIncomeRatio": 0.18360817477096547,
        "eps": 5.13,
        "epsdiluted": 4.96,
        "weightedAverageShsOut": 2539376218,
        "weightedAverageShsOutDil": 2625800000,
        "link": "https://www.sec.gov/Archives/edgar/data/80424/000008042420000053/0000080424-20-000053-index.htm",
        "finalLink": "https://www.sec.gov/Archives/edgar/data/80424/000008042420000053/pg-20200630.htm"
    },
    {
        "date": "2019-06-30",
        "symbol": "PG",
        "reportedCurrency": "USD",
        "fillingDate": "2019-08-06",
        "acceptedDate": "2019-08-06 16:26:04",
        "period": "FY",
        "revenue": 67684000000,
        "costOfRevenue": 34768000000,
        "grossProfit": 32916000000,
        "grossProfitRatio": 0.4863187754860824,
        "researchAndDevelopmentExpenses": 0.0,
        "generalAndAdministrativeExpenses": 19084000000,
        "sellingAndMarketingExpenses": 0.0,
        "otherExpenses": 871000000,
        "operatingExpenses": 19084000000,
        "costAndExpenses": 53852000000,
        "interestExpense": 509000000,
        "depreciationAndAmortization": 2824000000,
        "ebitda": 16656000000,
        "ebitdaratio": 0.24608474676437564,
        "operatingIncome": 13832000000,
        "operatingIncomeRatio": 0.20436144435908044,
        "totalOtherIncomeExpensesNet": -7474000000,
        "incomeBeforeTax": 6069000000,
        "incomeBeforeTaxRatio": 0.08966668636605402,
        "incomeTaxExpense": 2103000000,
        "netIncome": 3897000000,
        "netIncomeRatio": 0.057576384374445955,
        "eps": 1.45,
        "epsdiluted": 1.43,
        "weightedAverageShsOut": 2687586207,
        "weightedAverageShsOutDil": 2687586207,
        "link": "https://www.sec.gov/Archives/edgar/data/80424/000008042419000050/0000080424-19-000050-index.htm",
        "finalLink": "https://www.sec.gov/Archives/edgar/data/80424/000008042419000050/fy181910-kreport.htm"
    },
    {
        "date": "2018-06-30",
        "symbol": "PG",
        "reportedCurrency": "USD",
        "fillingDate": "2018-08-07",
        "acceptedDate": "2018-08-07 16:19:22",
        "period": "FY",
        "revenue": 66832000000,
        "costOfRevenue": 34268000000,
        "grossProfit": 32564000000,
        "grossProfitRatio": 0.487251615992339,
        "researchAndDevelopmentExpenses": 0.0,
        "generalAndAdministrativeExpenses": 18853000000,
        "sellingAndMarketingExpenses": 0.0,
        "otherExpenses": -126000000,
        "operatingExpenses": 18853000000,
        "costAndExpenses": 53121000000,
        "interestExpense": 506000000,
        "depreciationAndAmortization": 2834000000,
        "ebitda": 16545000000,
        "ebitdaratio": 0.2475610485994733,
        "operatingIncome": 13711000000,
        "operatingIncomeRatio": 0.20515621259276992,
        "totalOtherIncomeExpensesNet": -126000000,
        "incomeBeforeTax": 13326000000,
        "incomeBeforeTaxRatio": 0.19939549916207805,
        "incomeTaxExpense": 3465000000,
        "netIncome": 9750000000,
        "netIncomeRatio": 0.1458881972707685,
        "eps": 3.75,
        "epsdiluted": 3.67,
        "weightedAverageShsOut": 2529300000,
        "weightedAverageShsOutDil": 2656700000,
        "link": "https://www.sec.gov/Archives/edgar/data/80424/000008042418000055/0000080424-18-000055-index.htm",
        "finalLink": "https://www.sec.gov/Archives/edgar/data/80424/000008042418000055/fy171810-kreport.htm"
    },
    {
        "date": "2017-06-30",
        "symbol": "PG",
        "reportedCurrency": "USD",
        "fillingDate": "2017-08-07",
        "acceptedDate": "2017-08-07 16:05:16",
        "period": "FY",
        "revenue": 65058000000,
        "costOfRevenue": 32535000000,
        "grossProfit": 32523000000,
        "grossProfitRatio": 0.4999077746011252,
        "researchAndDevelopmentExpenses": 0.0,
        "generalAndAdministrativeExpenses": 18568000000,
        "sellingAndMarketingExpenses": 0.0,
        "otherExpenses": -404000000,
        "operatingExpenses": 18568000000,
        "costAndExpenses": 51103000000,
        "interestExpense": 465000000,
        "depreciationAndAmortization": 2820000000,
        "ebitda": 16775000000,
        "ebitdaratio": 0.2578468443542685,
        "operatingIncome": 13955000000,
        "operatingIncomeRatio": 0.21450090688308893,
        "totalOtherIncomeExpensesNet": -404000000,
        "incomeBeforeTax": 13257000000,
        "incomeBeforeTaxRatio": 0.20377201881398138,
        "incomeTaxExpense": 3063000000,
        "netIncome": 15326000000,
        "netIncomeRatio": 0.23557441052599218,
        "eps": 5.8,
        "epsdiluted": 5.59,
        "weightedAverageShsOut": 2642413793,
        "weightedAverageShsOutDil": 2740400000,
        "link": "https://www.sec.gov/Archives/edgar/data/80424/000008042417000047/0000080424-17-000047-index.htm",
        "finalLink": "https://www.sec.gov/Archives/edgar/data/80424/000008042417000047/fy161710-kreport.htm"
    },
    {
        "date": "2016-06-30",
        "symbol": "PG",
        "reportedCurrency": "USD",
        "fillingDate": "2016-08-09",
        "acceptedDate": "2016-08-09 16:03:15",
        "period": "FY",
        "revenue": 65299000000,
        "costOfRevenue": 32909000000,
        "grossProfit": 32390000000,
        "grossProfitRatio": 0.4960259728326621,
        "researchAndDevelopmentExpenses": 0.0,
        "generalAndAdministrativeExpenses": 18949000000,
        "sellingAndMarketingExpenses": 0.0,
        "otherExpenses": 325000000,
        "operatingExpenses": 18949000000,
        "costAndExpenses": 51858000000,
        "interestExpense": 579000000,
        "depreciationAndAmortization": 3078000000,
        "ebitda": 16519000000,
        "ebitdaratio": 0.2529747775616778,
        "operatingIncome": 13441000000,
        "operatingIncomeRatio": 0.20583776168088333,
        "totalOtherIncomeExpensesNet": 325000000,
        "incomeBeforeTax": 13369000000,
        "incomeBeforeTaxRatio": 0.20473514142636182,
        "incomeTaxExpense": 3342000000,
        "netIncome": 10508000000,
        "netIncomeRatio": 0.16092130047933353,
        "eps": 3.8,
        "epsdiluted": 3.69,
        "weightedAverageShsOut": 2765263158,
        "weightedAverageShsOutDil": 2844400000,
        "link": "https://www.sec.gov/Archives/edgar/data/80424/000008042416000212/0000080424-16-000212-index.htm",
        "finalLink": "https://www.sec.gov/Archives/edgar/data/80424/000008042416000212/fy151610-kreport.htm"
    },
    {
        "date": "2015-06-30",
        "symbol": "PG",
        "reportedCurrency": "USD",
        "fillingDate": "2015-08-07",
        "acceptedDate": "2015-08-07 16:02:16",
        "period": "FY",
        "revenue": 76279000000,
        "costOfRevenue": 38876000000,
        "grossProfit": 37403000000,
        "grossProfitRatio": 0.4903446558030388,
        "researchAndDevelopmentExpenses": 0.0,
        "generalAndAdministrativeExpenses": 23585000000,
        "sellingAndMarketingExpenses": 0.0,
        "otherExpenses": 531000000,
        "operatingExpenses": 23585000000,
        "costAndExpenses": 62461000000,
        "interestExpense": 626000000,
        "depreciationAndAmortization": 3134000000,
        "ebitda": 16952000000,
        "ebitdaratio": 0.2222367886312091,
        "operatingIncome": 13818000000,
        "operatingIncomeRatio": 0.1811507754427824,
        "totalOtherIncomeExpensesNet": -1497000000,
        "incomeBeforeTax": 11846000000,
        "incomeBeforeTaxRatio": 0.15529831277284706,
        "incomeTaxExpense": 2916000000,
        "netIncome": 7036000000,
        "netIncomeRatio": 0.09224032826859292,
        "eps": 2.5,
        "epsdiluted": 2.44,
        "weightedAverageShsOut": 2814400000,
        "weightedAverageShsOutDil": 2883600000,
        "link": "https://www.sec.gov/Archives/edgar/data/80424/000008042415000070/0000080424-15-000070-index.htm",
        "finalLink": "https://www.sec.gov/Archives/edgar/data/80424/000008042415000070/fy141510-kreport.htm"
    },
    {
        "date": "2014-06-30",
        "symbol": "PG",
        "reportedCurrency": "USD",
        "fillingDate": "2014-08-08",
        "acceptedDate": "2014-08-08 16:03:07",
        "period": "FY",
        "revenue": 83062000000,
        "costOfRevenue": 42460000000,
        "grossProfit": 40602000000,
        "grossProfitRatio": 0.48881558354000626,
        "researchAndDevelopmentExpenses": 0.0,
        "generalAndAdministrativeExpenses": 25314000000,
        "sellingAndMarketingExpenses": 0.0,
        "otherExpenses": 206000000,
        "operatingExpenses": 25314000000,
        "costAndExpenses": 67774000000,
        "interestExpense": 709000000,
        "depreciationAndAmortization": 3141000000,
        "ebitda": 18429000000,
        "ebitdaratio": 0.22187041005513952,
        "operatingIncome": 15288000000,
        "operatingIncomeRatio": 0.18405528400471938,
        "totalOtherIncomeExpensesNet": 206000000,
        "incomeBeforeTax": 14885000000,
        "incomeBeforeTaxRatio": 0.17920348655221402,
        "incomeTaxExpense": 3178000000,
        "netIncome": 11643000000,
        "netIncomeRatio": 0.140172401338759,
        "eps": 4.19,
        "epsdiluted": 4.01,
        "weightedAverageShsOut": 2778758950,
        "weightedAverageShsOutDil": 2904700000,
        "link": "https://www.sec.gov/Archives/edgar/data/80424/000008042414000057/0000080424-14-000057-index.htm",
        "finalLink": "https://www.sec.gov/Archives/edgar/data/80424/000008042414000057/fy201410kannualreport.htm"
    },
    {
        "date": "2013-06-30",
        "symbol": "PG",
        "reportedCurrency": "USD",
        "fillingDate": "2013-08-08",
        "acceptedDate": "2013-08-08 06:24:28",
        "period": "FY",
        "revenue": 84167000000,
        "costOfRevenue": 42428000000,
        "grossProfit": 41739000000,
        "grossProfitRatio": 0.4959069469031806,
        "researchAndDevelopmentExpenses": 0.0,
        "generalAndAdministrativeExpenses": 26950000000,
        "sellingAndMarketingExpenses": 0.0,
        "otherExpenses": 942000000,
        "operatingExpenses": 26950000000,
        "costAndExpenses": 69378000000,
        "interestExpense": 667000000,
        "depreciationAndAmortization": 2982000000,
        "ebitda": 17771000000,
        "ebitdaratio": 0.2111397578623451,
        "operatingIncome": 14789000000,
        "operatingIncomeRatio": 0.1757101952071477,
        "totalOtherIncomeExpensesNet": 634000000,
        "incomeBeforeTax": 14843000000,
        "incomeBeforeTaxRatio": 0.17635177682464623,
        "incomeTaxExpense": 3441000000,
        "netIncome": 11312000000,
        "netIncomeRatio": 0.1343994677248803,
        "eps": 4.04,
        "epsdiluted": 3.86,
        "weightedAverageShsOut": 2800000000,
        "weightedAverageShsOutDil": 2930600000,
        "link": "https://www.sec.gov/Archives/edgar/data/80424/000008042413000063/0000080424-13-000063-index.htm",
        "finalLink": "https://www.sec.gov/Archives/edgar/data/80424/000008042413000063/fy201310kannualreport.htm"
    },
    {
        "date": "2012-06-30",
        "symbol": "PG",
        "reportedCurrency": "USD",
        "fillingDate": "2012-08-08",
        "acceptedDate": "2012-08-08 16:16:27",
        "period": "FY",
        "revenue": 83680000000,
        "costOfRevenue": 42391000000,
        "grossProfit": 41289000000,
        "grossProfitRatio": 0.49341539196940726,
        "researchAndDevelopmentExpenses": 0.0,
        "generalAndAdministrativeExpenses": 26421000000,
        "sellingAndMarketingExpenses": 0.0,
        "otherExpenses": 262000000,
        "operatingExpenses": 26421000000,
        "costAndExpenses": 68812000000,
        "interestExpense": 769000000,
        "depreciationAndAmortization": 3204000000,
        "ebitda": 18072000000,
        "ebitdaratio": 0.21596558317399617,
        "operatingIncome": 14868000000,
        "operatingIncomeRatio": 0.17767686424474188,
        "totalOtherIncomeExpensesNet": -1314000000,
        "incomeBeforeTax": 12785000000,
        "incomeBeforeTaxRatio": 0.15278441682600383,
        "incomeTaxExpense": 3468000000,
        "netIncome": 10756000000,
        "netIncomeRatio": 0.12853728489483748,
        "eps": 3.82,
        "epsdiluted": 3.66,
        "weightedAverageShsOut": 2815706806,
        "weightedAverageShsOutDil": 2941200000,
        "link": "https://www.sec.gov/Archives/edgar/data/80424/000008042412000063/0000080424-12-000063-index.htm",
        "finalLink": "https://www.sec.gov/Archives/edgar/data/80424/000008042412000063/fy2012financialstatementsf.htm"
    },
    {
        "date": "2011-06-30",
        "symbol": "PG",
        "reportedCurrency": "USD",
        "fillingDate": "2011-08-10",
        "acceptedDate": "2011-08-10 06:53:53",
        "period": "FY",
        "revenue": 82559000000,
        "costOfRevenue": 40768000000,
        "grossProfit": 41791000000,
        "grossProfitRatio": 0.5061955692292784,
        "researchAndDevelopmentExpenses": 0.0,
        "generalAndAdministrativeExpenses": 25973000000,
        "sellingAndMarketingExpenses": 0.0,
        "otherExpenses": 0.0,
        "operatingExpenses": 25973000000,
        "costAndExpenses": 66741000000,
        "interestExpense": 831000000,
        "depreciationAndAmortization": 2838000000,
        "ebitda": 18656000000,
        "ebitdaratio": 0.22597172930873677,
        "operatingIncome": 15818000000,
        "operatingIncomeRatio": 0.19159631293983698,
        "totalOtherIncomeExpensesNet": 202000000,
        "incomeBeforeTax": 15189000000,
        "incomeBeforeTaxRatio": 0.18397751910754734,
        "incomeTaxExpense": 3392000000,
        "netIncome": 11797000000,
        "netIncomeRatio": 0.14289175014232247,
        "eps": 4.12,
        "epsdiluted": 3.93,
        "weightedAverageShsOut": 2804000000,
        "weightedAverageShsOutDil": 3001900000,
        "link": "https://www.sec.gov/Archives/edgar/data/80424/000008042411000014/0000080424-11-000014-index.htm",
        "finalLink": "https://www.sec.gov/Archives/edgar/data/80424/000008042411000014/fy1110k.htm"
    },
    {
        "date": "2010-06-30",
        "symbol": "PG",
        "reportedCurrency": "USD",
        "fillingDate": "2010-08-13",
        "acceptedDate": "2010-08-13 16:02:12",
        "period": "FY",
        "revenue": 78938000000,
        "costOfRevenue": 37919000000,
        "grossProfit": 41019000000,
        "grossProfitRatio": 0.5196356634320606,
        "researchAndDevelopmentExpenses": 0.0,
        "generalAndAdministrativeExpenses": 24998000000,
        "sellingAndMarketingExpenses": 0.0,
        "otherExpenses": 0.0,
        "operatingExpenses": 24998000000,
        "costAndExpenses": 62917000000,
        "interestExpense": 946000000,
        "depreciationAndAmortization": 3108000000,
        "ebitda": 19129000000,
        "ebitdaratio": 0.2423294230915402,
        "operatingIncome": 16021000000,
        "operatingIncomeRatio": 0.20295675086776965,
        "totalOtherIncomeExpensesNet": -28000000,
        "incomeBeforeTax": 15047000000,
        "incomeBeforeTaxRatio": 0.1906179533304619,
        "incomeTaxExpense": 4101000000,
        "netIncome": 12736000000,
        "netIncomeRatio": 0.16134181256175734,
        "eps": 4.32,
        "epsdiluted": 4.11,
        "weightedAverageShsOut": 2948148148,
        "weightedAverageShsOutDil": 3099300000,
        "link": "https://www.sec.gov/Archives/edgar/data/80424/000119312510188769/0001193125-10-188769-index.htm",
        "finalLink": "https://www.sec.gov/Archives/edgar/data/80424/000119312510188769/d10k.htm"
    },
    {
        "date": "2009-06-30",
        "symbol": "PG",
        "reportedCurrency": "USD",
        "fillingDate": "2009-08-14",
        "acceptedDate": "2009-08-14 16:18:14",
        "period": "FY",
        "revenue": 79029000000,
        "costOfRevenue": 38898000000,
        "grossProfit": 40131000000,
        "grossProfitRatio": 0.5078009338344153,
        "researchAndDevelopmentExpenses": 0.0,
        "generalAndAdministrativeExpenses": 24008000000,
        "sellingAndMarketingExpenses": 0.0,
        "otherExpenses": 0.0,
        "operatingExpenses": 24008000000,
        "costAndExpenses": 62906000000,
        "interestExpense": 1358000000,
        "depreciationAndAmortization": 3082000000,
        "ebitda": 19205000000,
        "ebitdaratio": 0.24301205886446747,
        "operatingIncome": 16123000000,
        "operatingIncomeRatio": 0.20401371648382238,
        "totalOtherIncomeExpensesNet": 560000000,
        "incomeBeforeTax": 15325000000,
        "incomeBeforeTaxRatio": 0.19391615735995646,
        "incomeTaxExpense": 4032000000,
        "netIncome": 13436000000,
        "netIncomeRatio": 0.17001353933366234,
        "eps": 4.49,
        "epsdiluted": 4.26,
        "weightedAverageShsOut": 2992427617,
        "weightedAverageShsOutDil": 3153990610,
        "link": "https://www.sec.gov/Archives/edgar/data/80424/000119312509175986/0001193125-09-175986-index.htm",
        "finalLink": "https://www.sec.gov/Archives/edgar/data/80424/000119312509175986/d10k.htm"
    },
    {
        "date": "2008-06-30",
        "symbol": "PG",
        "reportedCurrency": "USD",
        "fillingDate": "2008-08-28",
        "acceptedDate": "2008-08-28 16:05:50",
        "period": "FY",
        "revenue": 83503000000,
        "costOfRevenue": 40695000000,
        "grossProfit": 42808000000,
        "grossProfitRatio": 0.51265224003928,
        "researchAndDevelopmentExpenses": 0.0,
        "generalAndAdministrativeExpenses": 25725000000,
        "sellingAndMarketingExpenses": 0.0,
        "otherExpenses": 0.0,
        "operatingExpenses": 25725000000,
        "costAndExpenses": 66420000000,
        "interestExpense": 0.0,
        "depreciationAndAmortization": 3166000000,
        "ebitda": 20249000000,
        "ebitdaratio": 0.24249428164257572,
        "operatingIncome": 17083000000,
        "operatingIncomeRatio": 0.2045794761864843,
        "totalOtherIncomeExpensesNet": 462000000,
        "incomeBeforeTax": 16078000000,
        "incomeBeforeTaxRatio": 0.19254398045579202,
        "incomeTaxExpense": 4003000000,
        "netIncome": 12075000000,
        "netIncomeRatio": 0.14460558303294493,
        "eps": 3.86,
        "epsdiluted": 3.64,
        "weightedAverageShsOut": 3080800000,
        "weightedAverageShsOutDil": 3316800000,
        "link": "https://www.sec.gov/Archives/edgar/data/80424/000095015208006832/0000950152-08-006832-index.htm",
        "finalLink": "https://www.sec.gov/Archives/edgar/data/80424/000095015208006832/l32996ae10vk.htm"
    },
    {
        "date": "2007-06-30",
        "symbol": "PG",
        "reportedCurrency": "USD",
        "fillingDate": "2007-08-28",
        "acceptedDate": "2007-08-28 16:38:03",
        "period": "FY",
        "revenue": 76476000000,
        "costOfRevenue": 36686000000,
        "grossProfit": 39790000000,
        "grossProfitRatio": 0.520293948428265,
        "researchAndDevelopmentExpenses": 0.0,
        "generalAndAdministrativeExpenses": 24340000000,
        "sellingAndMarketingExpenses": 0.0,
        "otherExpenses": 0.0,
        "operatingExpenses": 24340000000,
        "costAndExpenses": 61026000000,
        "interestExpense": 0.0,
        "depreciationAndAmortization": 3130000000,
        "ebitda": 18580000000,
        "ebitdaratio": 0.24295203724044145,
        "operatingIncome": 15450000000,
        "operatingIncomeRatio": 0.20202416444374705,
        "totalOtherIncomeExpensesNet": 564000000,
        "incomeBeforeTax": 14710000000,
        "incomeBeforeTaxRatio": 0.192347926146765,
        "incomeTaxExpense": 4370000000,
        "netIncome": 10340000000,
        "netIncomeRatio": 0.13520581620377634,
        "eps": 3.22,
        "epsdiluted": 3.04,
        "weightedAverageShsOut": 3159000000,
        "weightedAverageShsOutDil": 3398600000,
        "link": "https://www.sec.gov/Archives/edgar/data/80424/000095015207007152/0000950152-07-007152-index.htm",
        "finalLink": "https://www.sec.gov/Archives/edgar/data/80424/000095015207007152/l27490ae10vk.htm"
    },
    {
        "date": "2006-06-30",
        "symbol": "PG",
        "reportedCurrency": "USD",
        "fillingDate": "2006-06-30",
        "acceptedDate": "2006-06-30",
        "period": "FY",
        "revenue": 68222000000,
        "costOfRevenue": 33125000000,
        "grossProfit": 35097000000,
        "grossProfitRatio": 0.5144528158072176,
        "researchAndDevelopmentExpenses": 0.0,
        "generalAndAdministrativeExpenses": 21848000000,
        "sellingAndMarketingExpenses": 0.0,
        "otherExpenses": 0.0,
        "operatingExpenses": 21848000000,
        "costAndExpenses": 54973000000,
        "interestExpense": 0.0,
        "depreciationAndAmortization": 2627000000,
        "ebitda": 15876000000,
        "ebitdaratio": 0.23271085573568642,
        "operatingIncome": 13249000000,
        "operatingIncomeRatio": 0.1942042156489109,
        "totalOtherIncomeExpensesNet": 283000000,
        "incomeBeforeTax": 12413000000,
        "incomeBeforeTaxRatio": 0.18195010407200024,
        "incomeTaxExpense": 3729000000,
        "netIncome": 8684000000,
        "netIncomeRatio": 0.12729031690656972,
        "eps": 2.79,
        "epsdiluted": 2.64,
        "weightedAverageShsOut": 3054900000,
        "weightedAverageShsOutDil": 3285900000,
        "link": "",
        "finalLink": ""
    },
    {
        "date": "2005-06-30",
        "symbol": "PG",
        "reportedCurrency": "USD",
        "fillingDate": "2005-06-30",
        "acceptedDate": "2005-06-30",
        "period": "FY",
        "revenue": 56741000000,
        "costOfRevenue": 27804000000,
        "grossProfit": 28937000000,
        "grossProfitRatio": 0.5099839622142719,
        "researchAndDevelopmentExpenses": 0.0,
        "generalAndAdministrativeExpenses": 18010000000,
        "sellingAndMarketingExpenses": 0.0,
        "otherExpenses": 0.0,
        "operatingExpenses": 18010000000,
        "costAndExpenses": 45814000000,
        "interestExpense": 0.0,
        "depreciationAndAmortization": 1884000000,
        "ebitda": 12811000000,
        "ebitdaratio": 0.22578029995946494,
        "operatingIncome": 10927000000,
        "operatingIncomeRatio": 0.19257679632012126,
        "totalOtherIncomeExpensesNet": 346000000,
        "incomeBeforeTax": 10439000000,
        "incomeBeforeTaxRatio": 0.18397631342415538,
        "incomeTaxExpense": 3182000000,
        "netIncome": 7257000000,
        "netIncomeRatio": 0.12789693519677128,
        "eps": 2.83,
        "epsdiluted": 2.66,
        "weightedAverageShsOut": 2515600000,
        "weightedAverageShsOutDil": 2726200000,
        "link": "",
        "finalLink": ""
    },
    {
        "date": "2004-06-30",
        "symbol": "PG",
        "reportedCurrency": "USD",
        "fillingDate": "2004-06-30",
        "acceptedDate": "2004-06-30",
        "period": "FY",
        "revenue": 51407000000,
        "costOfRevenue": 25076000000,
        "grossProfit": 26331000000,
        "grossProfitRatio": 0.5122065088412084,
        "researchAndDevelopmentExpenses": 0.0,
        "generalAndAdministrativeExpenses": 16504000000,
        "sellingAndMarketingExpenses": 0.0,
        "otherExpenses": 0.0,
        "operatingExpenses": 16504000000,
        "costAndExpenses": 41580000000,
        "interestExpense": 0.0,
        "depreciationAndAmortization": 1733000000,
        "ebitda": 11560000000,
        "ebitdaratio": 0.2248720991304686,
        "operatingIncome": 9827000000,
        "operatingIncomeRatio": 0.19116073686462934,
        "totalOtherIncomeExpensesNet": 152000000,
        "incomeBeforeTax": 9350000000,
        "incomeBeforeTaxRatio": 0.18188184488493786,
        "incomeTaxExpense": 2869000000,
        "netIncome": 6481000000,
        "netIncomeRatio": 0.1260723247806719,
        "eps": 2.46,
        "epsdiluted": 2.32,
        "weightedAverageShsOut": 2580100000,
        "weightedAverageShsOutDil": 2790100000,
        "link": "",
        "finalLink": ""
    },
    {
        "date": "2003-06-30",
        "symbol": "PG",
        "reportedCurrency": "USD",
        "fillingDate": "2003-06-30",
        "acceptedDate": "2003-06-30",
        "period": "FY",
        "revenue": 43377000000,
        "costOfRevenue": 22141000000,
        "grossProfit": 21236000000,
        "grossProfitRatio": 0.4895682043479263,
        "researchAndDevelopmentExpenses": 0.0,
        "generalAndAdministrativeExpenses": 13383000000,
        "sellingAndMarketingExpenses": 0.0,
        "otherExpenses": 0.0,
        "operatingExpenses": 13383000000,
        "costAndExpenses": 35524000000,
        "interestExpense": 0.0,
        "depreciationAndAmortization": 1703000000,
        "ebitda": 9556000000,
        "ebitdaratio": 0.22030108121815709,
        "operatingIncome": 7853000000,
        "operatingIncomeRatio": 0.181040643659082,
        "totalOtherIncomeExpensesNet": 238000000,
        "incomeBeforeTax": 7530000000,
        "incomeBeforeTaxRatio": 0.17359430112732555,
        "incomeTaxExpense": 2344000000,
        "netIncome": 5186000000,
        "netIncomeRatio": 0.11955644696498144,
        "eps": 1.95,
        "epsdiluted": 1.845,
        "weightedAverageShsOut": 2593200000,
        "weightedAverageShsOutDil": 2802600000,
        "link": "",
        "finalLink": ""
    },
    {
        "date": "2002-06-30",
        "symbol": "PG",
        "reportedCurrency": "USD",
        "fillingDate": "2002-09-12 00:00:00",
        "acceptedDate": "2002-09-12 17:14:59",
        "period": "FY",
        "revenue": 40238000000,
        "costOfRevenue": 20989000000,
        "grossProfit": 19249000000,
        "grossProfitRatio": 0.4783786470500522,
        "researchAndDevelopmentExpenses": 0.0,
        "generalAndAdministrativeExpenses": 12571000000,
        "sellingAndMarketingExpenses": 0.0,
        "otherExpenses": 0.0,
        "operatingExpenses": 12571000000,
        "costAndExpenses": 33560000000,
        "interestExpense": 0.0,
        "depreciationAndAmortization": 1693000000,
        "ebitda": 8371000000,
        "ebitdaratio": 0.20803717878622197,
        "operatingIncome": 6678000000,
        "operatingIncomeRatio": 0.1659625229882201,
        "totalOtherIncomeExpensesNet": 308000000,
        "incomeBeforeTax": 6383000000,
        "incomeBeforeTaxRatio": 0.15863114468909986,
        "incomeTaxExpense": 2031000000,
        "netIncome": 4352000000,
        "netIncomeRatio": 0.1081564690093941,
        "eps": 1.63,
        "epsdiluted": 1.545,
        "weightedAverageShsOut": 2594800000,
        "weightedAverageShsOutDil": 2809800000,
        "link": "https://www.sec.gov/Archives/edgar/data/80424/000095015202006968/0000950152-02-006968-index.html",
        "finalLink": "https://www.sec.gov/Archives/edgar/data/80424/000095015202006968/l96166ae10vk.htm"
    },
    {
        "date": "2001-06-30",
        "symbol": "PG",
        "reportedCurrency": "USD",
        "fillingDate": "2001-09-12 00:00:00",
        "acceptedDate": "2001-09-12 00:00:00",
        "period": "FY",
        "revenue": 39244000000,
        "costOfRevenue": 22102000000,
        "grossProfit": 17142000000,
        "grossProfitRatio": 0.43680562633778414,
        "researchAndDevelopmentExpenses": 0.0,
        "generalAndAdministrativeExpenses": 12406000000,
        "sellingAndMarketingExpenses": 0.0,
        "otherExpenses": 0.0,
        "operatingExpenses": 12406000000,
        "costAndExpenses": 34508000000,
        "interestExpense": 0.0,
        "depreciationAndAmortization": 2271000000,
        "ebitda": 7007000000,
        "ebitdaratio": 0.178549587198043,
        "operatingIncome": 4736000000,
        "operatingIncomeRatio": 0.1206808684130058,
        "totalOtherIncomeExpensesNet": 674000000,
        "incomeBeforeTax": 4616000000,
        "incomeBeforeTaxRatio": 0.11762307613902762,
        "incomeTaxExpense": 1694000000,
        "netIncome": 2922000000,
        "netIncomeRatio": 0.07445724187136887,
        "eps": 1.075,
        "epsdiluted": 1.035,
        "weightedAverageShsOut": 2600600000,
        "weightedAverageShsOutDil": 2811200000,
        "link": "https://www.sec.gov/Archives/edgar/data/80424/000095015201504449/0000950152-01-504449-index.html",
        "finalLink": "https://www.sec.gov/Archives/edgar/data/80424/000095015201504449/l90238ae10-k.htm"
    },
    {
        "date": "2000-06-30",
        "symbol": "PG",
        "reportedCurrency": "USD",
        "fillingDate": "2000-09-13 00:00:00",
        "acceptedDate": "2000-09-13 00:00:00",
        "period": "FY",
        "revenue": 39951000000,
        "costOfRevenue": 21514000000,
        "grossProfit": 18437000000,
        "grossProfitRatio": 0.46149032564891995,
        "researchAndDevelopmentExpenses": 0.0,
        "generalAndAdministrativeExpenses": 12483000000,
        "sellingAndMarketingExpenses": 0.0,
        "otherExpenses": 0.0,
        "operatingExpenses": 12483000000,
        "costAndExpenses": 33997000000,
        "interestExpense": 0.0,
        "depreciationAndAmortization": 2191000000,
        "ebitda": 8145000000,
        "ebitdaratio": 0.20387474656454158,
        "operatingIncome": 5954000000,
        "operatingIncomeRatio": 0.14903256489199268,
        "totalOtherIncomeExpensesNet": 304000000,
        "incomeBeforeTax": 5536000000,
        "incomeBeforeTaxRatio": 0.138569747941228,
        "incomeTaxExpense": 1994000000,
        "netIncome": 3542000000,
        "netIncomeRatio": 0.08865860679332183,
        "eps": 1.305,
        "epsdiluted": 1.235,
        "weightedAverageShsOut": 2626400000,
        "weightedAverageShsOutDil": 2854400000,
        "link": "https://www.sec.gov/Archives/edgar/data/80424/000008042400000040/0000080424-00-000040-index.html",
        "finalLink": "https://www.sec.gov/Archives/edgar/data/80424/000008042400000040/0000080424-00-000040-0001.txt"
    },
    {
        "date": "1999-06-30",
        "symbol": "PG",
        "reportedCurrency": "USD",
        "fillingDate": "1999-06-30",
        "acceptedDate": "1999-06-30",
        "period": "FY",
        "revenue": 38125000000,
        "costOfRevenue": 21206000000,
        "grossProfit": 16919000000,
        "grossProfitRatio": 0.44377704918032784,
        "researchAndDevelopmentExpenses": 0.0,
        "generalAndAdministrativeExpenses": 10666000000,
        "sellingAndMarketingExpenses": 0.0,
        "otherExpenses": 0.0,
        "operatingExpenses": 10666000000,
        "costAndExpenses": 31872000000,
        "interestExpense": 0.0,
        "depreciationAndAmortization": 2148000000,
        "ebitda": 8401000000,
        "ebitdaratio": 0.22035409836065573,
        "operatingIncome": 6253000000,
        "operatingIncomeRatio": 0.16401311475409835,
        "totalOtherIncomeExpensesNet": 235000000,
        "incomeBeforeTax": 5838000000,
        "incomeBeforeTaxRatio": 0.15312786885245902,
        "incomeTaxExpense": 2075000000,
        "netIncome": 3763000000,
        "netIncomeRatio": 0.09870163934426229,
        "eps": 1.375,
        "epsdiluted": 1.295,
        "weightedAverageShsOut": 2657454545,
        "weightedAverageShsOutDil": 2821621622,
        "link": "",
        "finalLink": ""
    },
    {
        "date": "1998-06-30",
        "symbol": "PG",
        "reportedCurrency": "USD",
        "fillingDate": "1998-06-30",
        "acceptedDate": "1998-06-30",
        "period": "FY",
        "revenue": 37154000000,
        "costOfRevenue": 21064000000,
        "grossProfit": 16090000000,
        "grossProfitRatio": 0.433062388975615,
        "researchAndDevelopmentExpenses": 0.0,
        "generalAndAdministrativeExpenses": 10035000000,
        "sellingAndMarketingExpenses": 0.0,
        "otherExpenses": 0.0,
        "operatingExpenses": 10035000000,
        "costAndExpenses": 31099000000,
        "interestExpense": 0.0,
        "depreciationAndAmortization": 1598000000,
        "ebitda": 7653000000,
        "ebitdaratio": 0.20598051353824623,
        "operatingIncome": 6055000000,
        "operatingIncomeRatio": 0.16297033966733057,
        "totalOtherIncomeExpensesNet": 201000000,
        "incomeBeforeTax": 5708000000,
        "incomeBeforeTaxRatio": 0.15363083382677503,
        "incomeTaxExpense": 1928000000,
        "netIncome": 3780000000,
        "netIncomeRatio": 0.10173870915648382,
        "eps": 1.37,
        "epsdiluted": 1.28,
        "weightedAverageShsOut": 2683211679,
        "weightedAverageShsOutDil": 2871875000,
        "link": "",
        "finalLink": ""
    },
    {
        "date": "1997-06-30",
        "symbol": "PG",
        "reportedCurrency": "USD",
        "fillingDate": "1997-09-10 00:00:00",
        "acceptedDate": "1997-09-10 00:00:00",
        "period": "FY",
        "revenue": 35764000000,
        "costOfRevenue": 20316000000,
        "grossProfit": 15448000000,
        "grossProfitRatio": 0.43194273571188907,
        "researchAndDevelopmentExpenses": 0.0,
        "generalAndAdministrativeExpenses": 9960000000,
        "sellingAndMarketingExpenses": 0.0,
        "otherExpenses": 0.0,
        "operatingExpenses": 9960000000,
        "costAndExpenses": 30276000000,
        "interestExpense": 0.0,
        "depreciationAndAmortization": 1487000000,
        "ebitda": 6975000000,
        "ebitdaratio": 0.19502852029974277,
        "operatingIncome": 5488000000,
        "operatingIncomeRatio": 0.15345039704731014,
        "totalOtherIncomeExpensesNet": 218000000,
        "incomeBeforeTax": 5249000000,
        "incomeBeforeTaxRatio": 0.14676769936248743,
        "incomeTaxExpense": 1834000000,
        "netIncome": 3415000000,
        "netIncomeRatio": 0.09548708198188122,
        "eps": 1.215,
        "epsdiluted": 1.14,
        "weightedAverageShsOut": 2720600000,
        "weightedAverageShsOutDil": 2904385965,
        "link": "https://www.sec.gov/Archives/edgar/data/80424/000008042497000062/0000080424-97-000062-index.html",
        "finalLink": "https://www.sec.gov/Archives/edgar/data/80424/0000080424-97-000062.txt"
    },
    {
        "date": "1996-06-30",
        "symbol": "PG",
        "reportedCurrency": "USD",
        "fillingDate": "1996-09-11 00:00:00",
        "acceptedDate": "1996-09-11 00:00:00",
        "period": "FY",
        "revenue": 35284000000,
        "costOfRevenue": 20762000000,
        "grossProfit": 14522000000,
        "grossProfitRatio": 0.411574651400068,
        "researchAndDevelopmentExpenses": 0.0,
        "generalAndAdministrativeExpenses": 9707000000,
        "sellingAndMarketingExpenses": 0.0,
        "otherExpenses": 0.0,
        "operatingExpenses": 9707000000,
        "costAndExpenses": 30469000000,
        "interestExpense": 0.0,
        "depreciationAndAmortization": 1358000000,
        "ebitda": 6173000000,
        "ebitdaratio": 0.1749518195215962,
        "operatingIncome": 4815000000,
        "operatingIncomeRatio": 0.1364641197143181,
        "totalOtherIncomeExpensesNet": 338000000,
        "incomeBeforeTax": 4669000000,
        "incomeBeforeTaxRatio": 0.13232626686316745,
        "incomeTaxExpense": 1623000000,
        "netIncome": 3046000000,
        "netIncomeRatio": 0.08632808071647205,
        "eps": 1.0725,
        "epsdiluted": 1.005,
        "weightedAverageShsOut": 2745200000,
        "weightedAverageShsOutDil": 2928358209,
        "link": "https://www.sec.gov/Archives/edgar/data/80424/000008042496000017/0000080424-96-000017-index.html",
        "finalLink": "https://www.sec.gov/Archives/edgar/data/80424/0000080424-96-000017.txt"
    },
    {
        "date": "1995-06-30",
        "symbol": "PG",
        "reportedCurrency": "USD",
        "fillingDate": "1995-09-13 00:00:00",
        "acceptedDate": "1995-09-13 00:00:00",
        "period": "FY",
        "revenue": 33434000000,
        "costOfRevenue": 19623000000,
        "grossProfit": 13811000000,
        "grossProfitRatio": 0.4130824908775498,
        "researchAndDevelopmentExpenses": 0.0,
        "generalAndAdministrativeExpenses": 9632000000,
        "sellingAndMarketingExpenses": 0.0,
        "otherExpenses": 0.0,
        "operatingExpenses": 9632000000,
        "costAndExpenses": 29255000000,
        "interestExpense": 0.0,
        "depreciationAndAmortization": 1253000000,
        "ebitda": 5432000000,
        "ebitdaratio": 0.1624693425853921,
        "operatingIncome": 4179000000,
        "operatingIncomeRatio": 0.12499252258180296,
        "totalOtherIncomeExpensesNet": 309000000,
        "incomeBeforeTax": 4000000000,
        "incomeBeforeTaxRatio": 0.11963869115271879,
        "incomeTaxExpense": 1355000000,
        "netIncome": 2645000000,
        "netIncomeRatio": 0.0791110845247353,
        "eps": 0.9275,
        "epsdiluted": 0.87,
        "weightedAverageShsOut": 2744000000,
        "weightedAverageShsOutDil": 2922988506,
        "link": "https://www.sec.gov/Archives/edgar/data/80424/000008042495000027/0000080424-95-000027-index.html",
        "finalLink": "https://www.sec.gov/Archives/edgar/data/80424/0000080424-95-000027.txt"
    },
    {
        "date": "1994-06-30",
        "symbol": "PG",
        "reportedCurrency": "USD",
        "fillingDate": "1994-09-14 00:00:00",
        "acceptedDate": "1994-09-14 00:00:00",
        "period": "FY",
        "revenue": 30296000000,
        "costOfRevenue": 16221000000,
        "grossProfit": 14075000000,
        "grossProfitRatio": 0.46458278320570373,
        "researchAndDevelopmentExpenses": 0.0,
        "generalAndAdministrativeExpenses": 9361000000,
        "sellingAndMarketingExpenses": 0.0,
        "otherExpenses": 0.0,
        "operatingExpenses": 10495000000,
        "costAndExpenses": 26716000000,
        "interestExpense": 0.0,
        "depreciationAndAmortization": 1134000000,
        "ebitda": 4714000000,
        "ebitdaratio": 0.15559809875891206,
        "operatingIncome": 3580000000,
        "operatingIncomeRatio": 0.11816741484024294,
        "totalOtherIncomeExpensesNet": 248000000,
        "incomeBeforeTax": 3346000000,
        "incomeBeforeTaxRatio": 0.11044362292051756,
        "incomeTaxExpense": 1135000000,
        "netIncome": 2211000000,
        "netIncomeRatio": 0.07297993134407182,
        "eps": 0.7725,
        "epsdiluted": 0.7275,
        "weightedAverageShsOut": 2732400000,
        "weightedAverageShsOutDil": 2898969072,
        "link": "https://www.sec.gov/Archives/edgar/data/80424/000008042494000021/0000080424-94-000021-index.html",
        "finalLink": "https://www.sec.gov/Archives/edgar/data/80424/0000080424-94-000021.txt"
    }
]