[
    {
        "date": "2020-10-03",
        "symbol": "DIS",
        "reportedCurrency": "USD",
        "fillingDate": "2020-11-25",
        "acceptedDate": "2020-11-25 16:59:53",
        "period": "FY",
        "revenue": 65388000000,
        "costOfRevenue": 43880000000,
        "grossProfit": 21508000000,
        "grossProfitRatio": 0.32892885544748274,
        "researchAndDevelopmentExpenses": 0.0,
        "generalAndAdministrativeExpenses": 12369000000,
        "sellingAndMarketingExpenses": 0.0,
        "otherExpenses": 1038000000,
        "operatingExpenses": 17714000000,
        "costAndExpenses": 61594000000,
        "interestExpense": 1647000000,
        "depreciationAndAmortization": 5345000000,
        "ebitda": 9139000000,
        "ebitdaratio": 0.13976570624579435,
        "operatingIncome": 3794000000,
        "operatingIncomeRatio": 0.05802287881568483,
        "totalOtherIncomeExpensesNet": -4046000000,
        "incomeBeforeTax": -1743000000,
        "incomeBeforeTaxRatio": -0.026656267204991743,
        "incomeTaxExpense": 699000000,
        "netIncome": -2864000000,
        "netIncomeRatio": -0.04380008564262556,
        "eps": -1.58,
        "epsdiluted": -1.58,
        "weightedAverageShsOut": 1808000000,
        "weightedAverageShsOutDil": 1808000000,
        "link": "https://www.sec.gov/Archives/edgar/data/1744489/000174448920000197/0001744489-20-000197-index.htm",
        "finalLink": "https://www.sec.gov/Archives/edgar/data/1744489/000174448920000197/dis-20201003.htm"
    },
    {
        "date": "2019-09-28",
        "symbol": "DIS",
        "reportedCurrency": "USD",
        "fillingDate": "2019-11-20 00:00:00",
        "acceptedDate": "2019-11-20 17:18:30",
        "period": "FY",
        "revenue": 69570000000,
        "costOfRevenue": 42018000000,
        "grossProfit": 27552000000,
        "grossProfitRatio": 0.39603277274687365,
        "researchAndDevelopmentExpenses": 0.0,
        "generalAndAdministrativeExpenses": 11541000000,
        "sellingAndMarketingExpenses": 0.0,
        "otherExpenses": -978000000,
        "operatingExpenses": 13093000000,
        "costAndExpenses": 55111000000,
        "interestExpense": 1246000000,
        "depreciationAndAmortization": 4160000000,
        "ebitda": 18619000000,
        "ebitdaratio": 0.26762972545637487,
        "operatingIncome": 14459000000,
        "operatingIncomeRatio": 0.20783383642374587,
        "totalOtherIncomeExpensesNet": 0.0,
        "incomeBeforeTax": 13944000000,
        "incomeBeforeTaxRatio": 0.2004312203536007,
        "incomeTaxExpense": 3065000000,
        "netIncome": 11054000000,
        "netIncomeRatio": 0.15889032629006755,
        "eps": 6.63505,
        "epsdiluted": 6.63505,
        "weightedAverageShsOut": 1666000000,
        "weightedAverageShsOutDil": 1666000000,
        "link": "https://www.sec.gov/Archives/edgar/data/1744489/000174448919000225/0001744489-19-000225-index.html",
        "finalLink": "https://www.sec.gov/Archives/edgar/data/1744489/000174448919000225/fy2019q410k.htm"
    },
    {
        "date": "2018-09-30",
        "symbol": "DIS",
        "reportedCurrency": "USD",
        "fillingDate": "2018-09-30",
        "acceptedDate": "2018-09-30",
        "period": "FY",
        "revenue": 59434000000,
        "costOfRevenue": 32726000000,
        "grossProfit": 26708000000,
        "grossProfitRatio": 0.4493724130968806,
        "researchAndDevelopmentExpenses": 0.0,
        "generalAndAdministrativeExpenses": 0.0,
        "sellingAndMarketingExpenses": 0.0,
        "otherExpenses": 601000000,
        "operatingExpenses": 11871000000,
        "costAndExpenses": 44597000000,
        "interestExpense": 682000000,
        "depreciationAndAmortization": 3011000000,
        "ebitda": 17848000000,
        "ebitdaratio": 0.3002994918733385,
        "operatingIncome": 14837000000,
        "operatingIncomeRatio": 0.24963825419793384,
        "totalOtherIncomeExpensesNet": 466000000,
        "incomeBeforeTax": 14729000000,
        "incomeBeforeTaxRatio": 0.24782111249453176,
        "incomeTaxExpense": 1663000000,
        "netIncome": 12598000000,
        "netIncomeRatio": 0.21196621462462564,
        "eps": 8.4,
        "epsdiluted": 8.36,
        "weightedAverageShsOut": 1499000000,
        "weightedAverageShsOutDil": 1507000000,
        "link": "",
        "finalLink": ""
    },
    {
        "date": "2017-09-30",
        "symbol": "DIS",
        "reportedCurrency": "USD",
        "fillingDate": "2017-09-30",
        "acceptedDate": "2017-09-30",
        "period": "FY",
        "revenue": 55137000000,
        "costOfRevenue": 30306000000,
        "grossProfit": 24831000000,
        "grossProfitRatio": 0.45035094401218784,
        "researchAndDevelopmentExpenses": 0.0,
        "generalAndAdministrativeExpenses": 0.0,
        "sellingAndMarketingExpenses": 0.0,
        "otherExpenses": 78000000,
        "operatingExpenses": 10958000000,
        "costAndExpenses": 41264000000,
        "interestExpense": 507000000,
        "depreciationAndAmortization": 2782000000,
        "ebitda": 16655000000,
        "ebitdaratio": 0.3020657634619221,
        "operatingIncome": 13873000000,
        "operatingIncomeRatio": 0.25160962692928523,
        "totalOtherIncomeExpensesNet": 300000000,
        "incomeBeforeTax": 13788000000,
        "incomeBeforeTaxRatio": 0.2500680124054628,
        "incomeTaxExpense": 4422000000,
        "netIncome": 8980000000,
        "netIncomeRatio": 0.16286704028148066,
        "eps": 5.73,
        "epsdiluted": 5.69,
        "weightedAverageShsOut": 1568000000,
        "weightedAverageShsOutDil": 1578000000,
        "link": "",
        "finalLink": ""
    },
    {
        "date": "2016-09-30",
        "symbol": "DIS",
        "reportedCurrency": "USD",
        "fillingDate": "2016-09-30",
        "acceptedDate": "2016-09-30",
        "period": "FY",
        "revenue": 55632000000,
        "costOfRevenue": 29993000000,
        "grossProfit": 25639000000,
        "grossProfitRatio": 0.4608678458441185,
        "researchAndDevelopmentExpenses": 0.0,
        "generalAndAdministrativeExpenses": 0.0,
        "sellingAndMarketingExpenses": 0.0,
        "otherExpenses": 0.0,
        "operatingExpenses": 11281000000,
        "costAndExpenses": 41274000000,
        "interestExpense": 354000000,
        "depreciationAndAmortization": 2527000000,
        "ebitda": 16885000000,
        "ebitdaratio": 0.30351236698303136,
        "operatingIncome": 14358000000,
        "operatingIncomeRatio": 0.2580888697152718,
        "totalOtherIncomeExpensesNet": 770000000,
        "incomeBeforeTax": 14868000000,
        "incomeBeforeTaxRatio": 0.2672562553925798,
        "incomeTaxExpense": 5078000000,
        "netIncome": 9391000000,
        "netIncomeRatio": 0.1688057233247052,
        "eps": 5.76,
        "epsdiluted": 5.73,
        "weightedAverageShsOut": 1629000000,
        "weightedAverageShsOutDil": 1639000000,
        "link": "",
        "finalLink": ""
    },
    {
        "date": "2015-09-30",
        "symbol": "DIS",
        "reportedCurrency": "USD",
        "fillingDate": "2015-09-30",
        "acceptedDate": "2015-09-30",
        "period": "FY",
        "revenue": 52465000000,
        "costOfRevenue": 28364000000,
        "grossProfit": 24101000000,
        "grossProfitRatio": 0.45937291527685126,
        "researchAndDevelopmentExpenses": 0.0,
        "generalAndAdministrativeExpenses": 0.0,
        "sellingAndMarketingExpenses": 0.0,
        "otherExpenses": 0.0,
        "operatingExpenses": 10877000000,
        "costAndExpenses": 39241000000,
        "interestExpense": 265000000,
        "depreciationAndAmortization": 2354000000,
        "ebitda": 15578000000,
        "ebitdaratio": 0.2969217573620509,
        "operatingIncome": 13224000000,
        "operatingIncomeRatio": 0.25205375011912706,
        "totalOtherIncomeExpensesNet": 761000000,
        "incomeBeforeTax": 13868000000,
        "incomeBeforeTaxRatio": 0.26432860001906033,
        "incomeTaxExpense": 5016000000,
        "netIncome": 8382000000,
        "netIncomeRatio": 0.1597636519584485,
        "eps": 4.95,
        "epsdiluted": 4.9,
        "weightedAverageShsOut": 1694000000,
        "weightedAverageShsOutDil": 1709000000,
        "link": "",
        "finalLink": ""
    },
    {
        "date": "2014-09-30",
        "symbol": "DIS",
        "reportedCurrency": "USD",
        "fillingDate": "2014-09-30",
        "acceptedDate": "2014-09-30",
        "period": "FY",
        "revenue": 48813000000,
        "costOfRevenue": 26420000000,
        "grossProfit": 22393000000,
        "grossProfitRatio": 0.45875074263003707,
        "researchAndDevelopmentExpenses": 0.0,
        "generalAndAdministrativeExpenses": 0.0,
        "sellingAndMarketingExpenses": 0.0,
        "otherExpenses": 35000000,
        "operatingExpenses": 10853000000,
        "costAndExpenses": 37273000000,
        "interestExpense": 294000000,
        "depreciationAndAmortization": 2288000000,
        "ebitda": 13828000000,
        "ebitdaratio": 0.2832851904205847,
        "operatingIncome": 11540000000,
        "operatingIncomeRatio": 0.2364124311146621,
        "totalOtherIncomeExpensesNet": 683000000,
        "incomeBeforeTax": 12246000000,
        "incomeBeforeTaxRatio": 0.25087579128510845,
        "incomeTaxExpense": 4242000000,
        "netIncome": 7501000000,
        "netIncomeRatio": 0.15366808022453035,
        "eps": 4.31,
        "epsdiluted": 4.26,
        "weightedAverageShsOut": 1740000000,
        "weightedAverageShsOutDil": 1759000000,
        "link": "",
        "finalLink": ""
    },
    {
        "date": "2013-09-30",
        "symbol": "DIS",
        "reportedCurrency": "USD",
        "fillingDate": "2013-09-30",
        "acceptedDate": "2013-09-30",
        "period": "FY",
        "revenue": 45041000000,
        "costOfRevenue": 35591000000,
        "grossProfit": 9450000000,
        "grossProfitRatio": 0.20980884083390688,
        "researchAndDevelopmentExpenses": 0.0,
        "generalAndAdministrativeExpenses": 0.0,
        "sellingAndMarketingExpenses": 0.0,
        "otherExpenses": -69000000,
        "operatingExpenses": 35805000000,
        "costAndExpenses": 35591000000,
        "interestExpense": 349000000,
        "depreciationAndAmortization": 2192000000,
        "ebitda": 11642000000,
        "ebitdaratio": 0.25847561110987766,
        "operatingIncome": 9450000000,
        "operatingIncomeRatio": 0.20980884083390688,
        "totalOtherIncomeExpensesNet": 405000000,
        "incomeBeforeTax": 9620000000,
        "incomeBeforeTaxRatio": 0.2135831797695433,
        "incomeTaxExpense": 2984000000,
        "netIncome": 6136000000,
        "netIncomeRatio": 0.13623143358273573,
        "eps": 3.42,
        "epsdiluted": 3.38,
        "weightedAverageShsOut": 1792000000,
        "weightedAverageShsOutDil": 1813000000,
        "link": "",
        "finalLink": ""
    },
    {
        "date": "2012-09-30",
        "symbol": "DIS",
        "reportedCurrency": "USD",
        "fillingDate": "2012-09-30",
        "acceptedDate": "2012-09-30",
        "period": "FY",
        "revenue": 42278000000,
        "costOfRevenue": 33415000000,
        "grossProfit": 8863000000,
        "grossProfitRatio": 0.20963621741804248,
        "researchAndDevelopmentExpenses": 0.0,
        "generalAndAdministrativeExpenses": 0.0,
        "sellingAndMarketingExpenses": 0.0,
        "otherExpenses": 0.0,
        "operatingExpenses": 33515000000,
        "costAndExpenses": 33415000000,
        "interestExpense": 472000000,
        "depreciationAndAmortization": 1987000000,
        "ebitda": 10850000000,
        "ebitdaratio": 0.2566346563224372,
        "operatingIncome": 8863000000,
        "operatingIncomeRatio": 0.20963621741804248,
        "totalOtherIncomeExpensesNet": 766000000,
        "incomeBeforeTax": 9260000000,
        "incomeBeforeTaxRatio": 0.21902644401343488,
        "incomeTaxExpense": 3087000000,
        "netIncome": 5682000000,
        "netIncomeRatio": 0.13439613983632148,
        "eps": 3.17,
        "epsdiluted": 3.13,
        "weightedAverageShsOut": 1794000000,
        "weightedAverageShsOutDil": 1818000000,
        "link": "",
        "finalLink": ""
    },
    {
        "date": "2011-09-30",
        "symbol": "DIS",
        "reportedCurrency": "USD",
        "fillingDate": "2011-09-30",
        "acceptedDate": "2011-09-30",
        "period": "FY",
        "revenue": 40893000000,
        "costOfRevenue": 33112000000,
        "grossProfit": 7781000000,
        "grossProfitRatio": 0.19027706453427237,
        "researchAndDevelopmentExpenses": 0.0,
        "generalAndAdministrativeExpenses": 0.0,
        "sellingAndMarketingExpenses": 0.0,
        "otherExpenses": 0.0,
        "operatingExpenses": 33167000000,
        "costAndExpenses": 33112000000,
        "interestExpense": 435000000,
        "depreciationAndAmortization": 1841000000,
        "ebitda": 9622000000,
        "ebitdaratio": 0.23529699459565206,
        "operatingIncome": 7781000000,
        "operatingIncomeRatio": 0.19027706453427237,
        "totalOtherIncomeExpensesNet": 605000000,
        "incomeBeforeTax": 8043000000,
        "incomeBeforeTaxRatio": 0.1966840290514269,
        "incomeTaxExpense": 2785000000,
        "netIncome": 4807000000,
        "netIncomeRatio": 0.11755068104565573,
        "eps": 2.56,
        "epsdiluted": 2.52,
        "weightedAverageShsOut": 1878000000,
        "weightedAverageShsOutDil": 1909000000,
        "link": "",
        "finalLink": ""
    },
    {
        "date": "2010-09-30",
        "symbol": "DIS",
        "reportedCurrency": "USD",
        "fillingDate": "2010-09-30",
        "acceptedDate": "2010-09-30",
        "period": "FY",
        "revenue": 38063000000,
        "costOfRevenue": 31337000000,
        "grossProfit": 6726000000,
        "grossProfitRatio": 0.17670703833118775,
        "researchAndDevelopmentExpenses": 0.0,
        "generalAndAdministrativeExpenses": 0.0,
        "sellingAndMarketingExpenses": 0.0,
        "otherExpenses": 0.0,
        "operatingExpenses": 31607000000,
        "costAndExpenses": 31337000000,
        "interestExpense": 456000000,
        "depreciationAndAmortization": 1713000000,
        "ebitda": 8439000000,
        "ebitdaratio": 0.2217113732496125,
        "operatingIncome": 6726000000,
        "operatingIncomeRatio": 0.17670703833118775,
        "totalOtherIncomeExpensesNet": 310000000,
        "incomeBeforeTax": 6627000000,
        "incomeBeforeTaxRatio": 0.17410608727635762,
        "incomeTaxExpense": 2314000000,
        "netIncome": 3963000000,
        "netIncomeRatio": 0.10411685889183722,
        "eps": 2.07,
        "epsdiluted": 2.03,
        "weightedAverageShsOut": 1915000000,
        "weightedAverageShsOutDil": 1948000000,
        "link": "",
        "finalLink": ""
    },
    {
        "date": "2009-09-30",
        "symbol": "DIS",
        "reportedCurrency": "USD",
        "fillingDate": "2009-09-30",
        "acceptedDate": "2009-09-30",
        "period": "FY",
        "revenue": 36149000000,
        "costOfRevenue": 30452000000,
        "grossProfit": 5697000000,
        "grossProfitRatio": 0.15759772054551993,
        "researchAndDevelopmentExpenses": 0.0,
        "generalAndAdministrativeExpenses": 0.0,
        "sellingAndMarketingExpenses": 0.0,
        "otherExpenses": 0.0,
        "operatingExpenses": 30944000000,
        "costAndExpenses": 30452000000,
        "interestExpense": 466000000,
        "depreciationAndAmortization": 1631000000,
        "ebitda": 7328000000,
        "ebitdaratio": 0.20271653434396525,
        "operatingIncome": 5697000000,
        "operatingIncomeRatio": 0.15759772054551993,
        "totalOtherIncomeExpensesNet": 427000000,
        "incomeBeforeTax": 5658000000,
        "incomeBeforeTaxRatio": 0.15651885252704087,
        "incomeTaxExpense": 2049000000,
        "netIncome": 3307000000,
        "netIncomeRatio": 0.09148247531052035,
        "eps": 1.78,
        "epsdiluted": 1.76,
        "weightedAverageShsOut": 1856000000,
        "weightedAverageShsOutDil": 1875000000,
        "link": "",
        "finalLink": ""
    },
    {
        "date": "2008-09-30",
        "symbol": "DIS",
        "reportedCurrency": "USD",
        "fillingDate": "2008-09-30",
        "acceptedDate": "2008-09-30",
        "period": "FY",
        "revenue": 37843000000,
        "costOfRevenue": 30439000000,
        "grossProfit": 7404000000,
        "grossProfitRatio": 0.19565045054567556,
        "researchAndDevelopmentExpenses": 0.0,
        "generalAndAdministrativeExpenses": 0.0,
        "sellingAndMarketingExpenses": 0.0,
        "otherExpenses": 0.0,
        "operatingExpenses": 30439000000,
        "costAndExpenses": 30439000000,
        "interestExpense": 0.0,
        "depreciationAndAmortization": 1582000000,
        "ebitda": 8986000000,
        "ebitdaratio": 0.23745474724519727,
        "operatingIncome": 7404000000,
        "operatingIncomeRatio": 0.19565045054567556,
        "totalOtherIncomeExpensesNet": 522000000,
        "incomeBeforeTax": 7402000000,
        "incomeBeforeTaxRatio": 0.19559760061305922,
        "incomeTaxExpense": 2673000000,
        "netIncome": 4427000000,
        "netIncomeRatio": 0.11698332584625955,
        "eps": 2.34,
        "epsdiluted": 2.28,
        "weightedAverageShsOut": 1890000000,
        "weightedAverageShsOutDil": 1948000000,
        "link": "",
        "finalLink": ""
    },
    {
        "date": "2007-09-30",
        "symbol": "DIS",
        "reportedCurrency": "USD",
        "fillingDate": "2007-09-30",
        "acceptedDate": "2007-09-30",
        "period": "FY",
        "revenue": 35510000000,
        "costOfRevenue": 28729000000,
        "grossProfit": 6781000000,
        "grossProfitRatio": 0.1909602928752464,
        "researchAndDevelopmentExpenses": 0.0,
        "generalAndAdministrativeExpenses": 0.0,
        "sellingAndMarketingExpenses": 0.0,
        "otherExpenses": 0.0,
        "operatingExpenses": 28681000000,
        "costAndExpenses": 28729000000,
        "interestExpense": 0.0,
        "depreciationAndAmortization": 1491000000,
        "ebitda": 8272000000,
        "ebitdaratio": 0.2329484652210645,
        "operatingIncome": 6781000000,
        "operatingIncomeRatio": 0.1909602928752464,
        "totalOtherIncomeExpensesNet": 1537000000,
        "incomeBeforeTax": 7725000000,
        "incomeBeforeTaxRatio": 0.2175443537031822,
        "incomeTaxExpense": 2874000000,
        "netIncome": 4687000000,
        "netIncomeRatio": 0.13199098845395663,
        "eps": 2.34,
        "epsdiluted": 2.25,
        "weightedAverageShsOut": 2004000000,
        "weightedAverageShsOutDil": 2092000000,
        "link": "",
        "finalLink": ""
    },
    {
        "date": "2006-09-30",
        "symbol": "DIS",
        "reportedCurrency": "USD",
        "fillingDate": "2006-09-30",
        "acceptedDate": "2006-09-30",
        "period": "FY",
        "revenue": 34285000000,
        "costOfRevenue": 28807000000,
        "grossProfit": 5478000000,
        "grossProfitRatio": 0.15977832871518158,
        "researchAndDevelopmentExpenses": 0.0,
        "generalAndAdministrativeExpenses": 0.0,
        "sellingAndMarketingExpenses": 0.0,
        "otherExpenses": 0.0,
        "operatingExpenses": 28392000000,
        "costAndExpenses": 28807000000,
        "interestExpense": 0.0,
        "depreciationAndAmortization": 1436000000,
        "ebitda": 6914000000,
        "ebitdaratio": 0.20166253463613826,
        "operatingIncome": 5478000000,
        "operatingIncomeRatio": 0.15977832871518158,
        "totalOtherIncomeExpensesNet": 561000000,
        "incomeBeforeTax": 5447000000,
        "incomeBeforeTaxRatio": 0.1588741432113169,
        "incomeTaxExpense": 1890000000,
        "netIncome": 3374000000,
        "netIncomeRatio": 0.09841038354965728,
        "eps": 1.68,
        "epsdiluted": 1.64,
        "weightedAverageShsOut": 2005000000,
        "weightedAverageShsOutDil": 2076000000,
        "link": "",
        "finalLink": ""
    },
    {
        "date": "2005-09-30",
        "symbol": "DIS",
        "reportedCurrency": "USD",
        "fillingDate": "2005-09-30",
        "acceptedDate": "2005-09-30",
        "period": "FY",
        "revenue": 31944000000,
        "costOfRevenue": 27837000000,
        "grossProfit": 4107000000,
        "grossProfitRatio": 0.1285687453042825,
        "researchAndDevelopmentExpenses": 0.0,
        "generalAndAdministrativeExpenses": 0.0,
        "sellingAndMarketingExpenses": 0.0,
        "otherExpenses": 0.0,
        "operatingExpenses": 27475000000,
        "costAndExpenses": 27837000000,
        "interestExpense": 0.0,
        "depreciationAndAmortization": 1339000000,
        "ebitda": 5446000000,
        "ebitdaratio": 0.17048585023791635,
        "operatingIncome": 4107000000,
        "operatingIncomeRatio": 0.1285687453042825,
        "totalOtherIncomeExpensesNet": 477000000,
        "incomeBeforeTax": 3987000000,
        "incomeBeforeTaxRatio": 0.12481217129977461,
        "incomeTaxExpense": 1241000000,
        "netIncome": 2533000000,
        "netIncomeRatio": 0.07929501627848735,
        "eps": 1.25,
        "epsdiluted": 1.22,
        "weightedAverageShsOut": 2028000000,
        "weightedAverageShsOutDil": 2089000000,
        "link": "",
        "finalLink": ""
    },
    {
        "date": "2004-09-30",
        "symbol": "DIS",
        "reportedCurrency": "USD",
        "fillingDate": "2004-09-30",
        "acceptedDate": "2004-09-30",
        "period": "FY",
        "revenue": 30752000000,
        "costOfRevenue": 26704000000,
        "grossProfit": 4048000000,
        "grossProfitRatio": 0.13163371488033299,
        "researchAndDevelopmentExpenses": 0.0,
        "generalAndAdministrativeExpenses": 0.0,
        "sellingAndMarketingExpenses": 0.0,
        "otherExpenses": 0.0,
        "operatingExpenses": 0.0,
        "costAndExpenses": 26704000000,
        "interestExpense": 0.0,
        "depreciationAndAmortization": 1210000000,
        "ebitda": 5258000000,
        "ebitdaratio": 0.17098074921956297,
        "operatingIncome": 4048000000,
        "operatingIncomeRatio": 0.13163371488033299,
        "totalOtherIncomeExpensesNet": 308000000,
        "incomeBeforeTax": 3739000000,
        "incomeBeforeTaxRatio": 0.12158558792924037,
        "incomeTaxExpense": 1197000000,
        "netIncome": 2345000000,
        "netIncomeRatio": 0.07625520291363164,
        "eps": 1.14,
        "epsdiluted": 1.12,
        "weightedAverageShsOut": 2049000000,
        "weightedAverageShsOutDil": 2106000000,
        "link": "",
        "finalLink": ""
    },
    {
        "date": "2003-09-30",
        "symbol": "DIS",
        "reportedCurrency": "USD",
        "fillingDate": "2003-09-30",
        "acceptedDate": "2003-09-30",
        "period": "FY",
        "revenue": 27061000000,
        "costOfRevenue": 24330000000,
        "grossProfit": 2731000000,
        "grossProfitRatio": 0.10092014337977162,
        "researchAndDevelopmentExpenses": 0.0,
        "generalAndAdministrativeExpenses": 0.0,
        "sellingAndMarketingExpenses": 0.0,
        "otherExpenses": 0.0,
        "operatingExpenses": 18000000,
        "costAndExpenses": 24348000000,
        "interestExpense": 0.0,
        "depreciationAndAmortization": 18000000,
        "ebitda": 2731000000,
        "ebitdaratio": 0.10092014337977162,
        "operatingIncome": 2713000000,
        "operatingIncomeRatio": 0.10025497949078009,
        "totalOtherIncomeExpensesNet": 334000000,
        "incomeBeforeTax": 2254000000,
        "incomeBeforeTaxRatio": 0.08329330032149589,
        "incomeTaxExpense": 789000000,
        "netIncome": 1267000000,
        "netIncomeRatio": 0.046820147075126564,
        "eps": 0.62,
        "epsdiluted": 0.62,
        "weightedAverageShsOut": 2067000000,
        "weightedAverageShsOutDil": 2067000000,
        "link": "",
        "finalLink": ""
    },
    {
        "date": "2002-09-30",
        "symbol": "DIS",
        "reportedCurrency": "USD",
        "fillingDate": "2002-09-30",
        "acceptedDate": "2002-09-30",
        "period": "FY",
        "revenue": 25329000000,
        "costOfRevenue": 22924000000,
        "grossProfit": 2405000000,
        "grossProfitRatio": 0.09495045205100873,
        "researchAndDevelopmentExpenses": 0.0,
        "generalAndAdministrativeExpenses": 0.0,
        "sellingAndMarketingExpenses": 0.0,
        "otherExpenses": 0.0,
        "operatingExpenses": 21000000,
        "costAndExpenses": 22945000000,
        "interestExpense": 0.0,
        "depreciationAndAmortization": 21000000,
        "ebitda": 2405000000,
        "ebitdaratio": 0.09495045205100873,
        "operatingIncome": 2384000000,
        "operatingIncomeRatio": 0.09412136286470055,
        "totalOtherIncomeExpensesNet": 259000000,
        "incomeBeforeTax": 2190000000,
        "incomeBeforeTaxRatio": 0.08646215800071065,
        "incomeTaxExpense": 853000000,
        "netIncome": 1236000000,
        "netIncomeRatio": 0.04879782067985313,
        "eps": 0.6,
        "epsdiluted": 0.6,
        "weightedAverageShsOut": 2044000000,
        "weightedAverageShsOutDil": 2044000000,
        "link": "",
        "finalLink": ""
    },
    {
        "date": "2001-09-30",
        "symbol": "DIS",
        "reportedCurrency": "USD",
        "fillingDate": "2001-09-30",
        "acceptedDate": "2001-09-30",
        "period": "FY",
        "revenue": 25269000000,
        "costOfRevenue": 21670000000,
        "grossProfit": 3599000000,
        "grossProfitRatio": 0.14242748031184455,
        "researchAndDevelopmentExpenses": 0.0,
        "generalAndAdministrativeExpenses": 0.0,
        "sellingAndMarketingExpenses": 0.0,
        "otherExpenses": 0.0,
        "operatingExpenses": 767000000,
        "costAndExpenses": 22437000000,
        "interestExpense": 0.0,
        "depreciationAndAmortization": 767000000,
        "ebitda": 3599000000,
        "ebitdaratio": 0.14242748031184455,
        "operatingIncome": 2832000000,
        "operatingIncomeRatio": 0.1120740828683367,
        "totalOtherIncomeExpensesNet": -1132000000,
        "incomeBeforeTax": 120000000,
        "incomeBeforeTaxRatio": 0.004748901816454945,
        "incomeTaxExpense": 1059000000,
        "netIncome": -158000000,
        "netIncomeRatio": -0.00625272072499901,
        "eps": -0.07577937649880095,
        "epsdiluted": -0.07523809523809524,
        "weightedAverageShsOut": 2085000000,
        "weightedAverageShsOutDil": 2100000000,
        "link": "",
        "finalLink": ""
    },
    {
        "date": "2000-09-30",
        "symbol": "DIS",
        "reportedCurrency": "USD",
        "fillingDate": "2000-09-30",
        "acceptedDate": "2000-09-30",
        "period": "FY",
        "revenue": 25402000000,
        "costOfRevenue": 17890000000,
        "grossProfit": 7512000000,
        "grossProfitRatio": 0.2957247460829856,
        "researchAndDevelopmentExpenses": 0.0,
        "generalAndAdministrativeExpenses": 105000000,
        "sellingAndMarketingExpenses": 0.0,
        "otherExpenses": 0.0,
        "operatingExpenses": 4769000000,
        "costAndExpenses": 22659000000,
        "interestExpense": 0.0,
        "depreciationAndAmortization": 4664000000,
        "ebitda": 7407000000,
        "ebitdaratio": 0.2915912132902921,
        "operatingIncome": 2743000000,
        "operatingIncomeRatio": 0.10798362333674513,
        "totalOtherIncomeExpensesNet": 448000000,
        "incomeBeforeTax": 2526000000,
        "incomeBeforeTaxRatio": 0.09944098889851193,
        "incomeTaxExpense": 1606000000,
        "netIncome": 920000000,
        "netIncomeRatio": 0.03621762065979057,
        "eps": 0.58,
        "epsdiluted": 0.57,
        "weightedAverageShsOut": 2103000000,
        "weightedAverageShsOutDil": 2103000000,
        "link": "",
        "finalLink": ""
    },
    {
        "date": "1999-09-30",
        "symbol": "DIS",
        "reportedCurrency": "USD",
        "fillingDate": "1999-09-30",
        "acceptedDate": "1999-09-30",
        "period": "FY",
        "revenue": 23402000000,
        "costOfRevenue": 16392000000,
        "grossProfit": 7010000000,
        "grossProfitRatio": 0.29954704726091785,
        "researchAndDevelopmentExpenses": 0.0,
        "generalAndAdministrativeExpenses": 196000000,
        "sellingAndMarketingExpenses": 0.0,
        "otherExpenses": 0.0,
        "operatingExpenses": 3975000000,
        "costAndExpenses": 20367000000,
        "interestExpense": 0.0,
        "depreciationAndAmortization": 3779000000,
        "ebitda": 6814000000,
        "ebitdaratio": 0.29117169472694643,
        "operatingIncome": 3035000000,
        "operatingIncomeRatio": 0.12968977010511923,
        "totalOtherIncomeExpensesNet": -109000000,
        "incomeBeforeTax": 2314000000,
        "incomeBeforeTaxRatio": 0.09888043756943851,
        "incomeTaxExpense": 1014000000,
        "netIncome": 1300000000,
        "netIncomeRatio": 0.05555080762328006,
        "eps": 0.63,
        "epsdiluted": 0.62,
        "weightedAverageShsOut": 2056000000,
        "weightedAverageShsOutDil": 2083000000,
        "link": "",
        "finalLink": ""
    },
    {
        "date": "1998-09-30",
        "symbol": "DIS",
        "reportedCurrency": "USD",
        "fillingDate": "1998-09-30",
        "acceptedDate": "1998-09-30",
        "period": "FY",
        "revenue": 22976000000,
        "costOfRevenue": 15207000000,
        "grossProfit": 7769000000,
        "grossProfitRatio": 0.33813544568245124,
        "researchAndDevelopmentExpenses": 0.0,
        "generalAndAdministrativeExpenses": 236000000,
        "sellingAndMarketingExpenses": 0.0,
        "otherExpenses": 0.0,
        "operatingExpenses": 3990000000,
        "costAndExpenses": 19197000000,
        "interestExpense": 0.0,
        "depreciationAndAmortization": 3754000000,
        "ebitda": 7533000000,
        "ebitdaratio": 0.32786385793871864,
        "operatingIncome": 3779000000,
        "operatingIncomeRatio": 0.16447597493036212,
        "totalOtherIncomeExpensesNet": 0.0,
        "incomeBeforeTax": 3157000000,
        "incomeBeforeTaxRatio": 0.1374042479108635,
        "incomeTaxExpense": 1307000000,
        "netIncome": 1850000000,
        "netIncomeRatio": 0.08051880222841226,
        "eps": 0.91,
        "epsdiluted": 0.89,
        "weightedAverageShsOut": 2037000000,
        "weightedAverageShsOutDil": 2079000000,
        "link": "",
        "finalLink": ""
    },
    {
        "date": "1997-09-30",
        "symbol": "DIS",
        "reportedCurrency": "USD",
        "fillingDate": "1997-09-30",
        "acceptedDate": "1997-09-30",
        "period": "FY",
        "revenue": 22473000000,
        "costOfRevenue": 13203000000,
        "grossProfit": 9270000000,
        "grossProfitRatio": 0.4124949939927913,
        "researchAndDevelopmentExpenses": 0.0,
        "generalAndAdministrativeExpenses": 367000000,
        "sellingAndMarketingExpenses": 0.0,
        "otherExpenses": 0.0,
        "operatingExpenses": 5325000000,
        "costAndExpenses": 18528000000,
        "interestExpense": 0.0,
        "depreciationAndAmortization": 4958000000,
        "ebitda": 8903000000,
        "ebitdaratio": 0.39616428603212744,
        "operatingIncome": 3945000000,
        "operatingIncomeRatio": 0.17554398611667335,
        "totalOtherIncomeExpensesNet": 135000000,
        "incomeBeforeTax": 3387000000,
        "incomeBeforeTaxRatio": 0.15071419036176745,
        "incomeTaxExpense": 1421000000,
        "netIncome": 1966000000,
        "netIncomeRatio": 0.08748275708628131,
        "eps": 0.953333,
        "epsdiluted": 0.953333,
        "weightedAverageShsOut": 2061000000,
        "weightedAverageShsOutDil": 2061000000,
        "link": "",
        "finalLink": ""
    },
    {
        "date": "1996-09-30",
        "symbol": "DIS",
        "reportedCurrency": "USD",
        "fillingDate": "1996-09-30",
        "acceptedDate": "1996-09-30",
        "period": "FY",
        "revenue": 18739000000,
        "costOfRevenue": 11462000000,
        "grossProfit": 7277000000,
        "grossProfitRatio": 0.3883344895672128,
        "researchAndDevelopmentExpenses": 0.0,
        "generalAndAdministrativeExpenses": 309000000,
        "sellingAndMarketingExpenses": 0.0,
        "otherExpenses": 0.0,
        "operatingExpenses": 4253000000,
        "costAndExpenses": 15715000000,
        "interestExpense": 0.0,
        "depreciationAndAmortization": 3944000000,
        "ebitda": 6968000000,
        "ebitdaratio": 0.37184481562516675,
        "operatingIncome": 3024000000,
        "operatingIncomeRatio": 0.16137467314157639,
        "totalOtherIncomeExpensesNet": -484000000,
        "incomeBeforeTax": 2061000000,
        "incomeBeforeTaxRatio": 0.10998452425422915,
        "incomeTaxExpense": 847000000,
        "netIncome": 1214000000,
        "netIncomeRatio": 0.0647846736752228,
        "eps": 0.653333,
        "epsdiluted": 0.653333,
        "weightedAverageShsOut": 1857000000,
        "weightedAverageShsOutDil": 1857000000,
        "link": "",
        "finalLink": ""
    },
    {
        "date": "1995-09-30",
        "symbol": "DIS",
        "reportedCurrency": "USD",
        "fillingDate": "1995-09-30",
        "acceptedDate": "1995-09-30",
        "period": "FY",
        "revenue": 12112100000,
        "costOfRevenue": 7813400000,
        "grossProfit": 4298700000,
        "grossProfitRatio": 0.3549095532566607,
        "researchAndDevelopmentExpenses": 0.0,
        "generalAndAdministrativeExpenses": 183600000,
        "sellingAndMarketingExpenses": 0.0,
        "otherExpenses": 0.0,
        "operatingExpenses": 2036600000,
        "costAndExpenses": 9850000000,
        "interestExpense": 0.0,
        "depreciationAndAmortization": 1853000000,
        "ebitda": 4115100000,
        "ebitdaratio": 0.3397511579329761,
        "operatingIncome": 2262100000,
        "operatingIncomeRatio": 0.18676364957356692,
        "totalOtherIncomeExpensesNet": 32900000,
        "incomeBeforeTax": 2116700000,
        "incomeBeforeTaxRatio": 0.17475912517234832,
        "incomeTaxExpense": 736600000,
        "netIncome": 1380100000,
        "netIncomeRatio": 0.11394390733233709,
        "eps": 0.293333,
        "epsdiluted": 0.29,
        "weightedAverageShsOut": 1574775000,
        "weightedAverageShsOutDil": 1574775000,
        "link": "",
        "finalLink": ""
    },
    {
        "date": "1994-09-30",
        "symbol": "DIS",
        "reportedCurrency": "USD",
        "fillingDate": "1994-09-30",
        "acceptedDate": "1994-09-30",
        "period": "FY",
        "revenue": 10055100000,
        "costOfRevenue": 6481100000,
        "grossProfit": 3574000000,
        "grossProfitRatio": 0.35544151724000755,
        "researchAndDevelopmentExpenses": 0.0,
        "generalAndAdministrativeExpenses": 162200000,
        "sellingAndMarketingExpenses": 0.0,
        "otherExpenses": 0.0,
        "operatingExpenses": 1770500000,
        "costAndExpenses": 8251600000,
        "interestExpense": 0.0,
        "depreciationAndAmortization": 1608300000,
        "ebitda": 3411800000,
        "ebitdaratio": 0.33931039969766585,
        "operatingIncome": 1803500000,
        "operatingIncomeRatio": 0.17936171693966246,
        "totalOtherIncomeExpensesNet": 19200000,
        "incomeBeforeTax": 1702800000,
        "incomeBeforeTaxRatio": 0.16934689858877586,
        "incomeTaxExpense": 592400000,
        "netIncome": 1110400000,
        "netIncomeRatio": 0.11043152231206055,
        "eps": 0.23,
        "epsdiluted": 0.226667,
        "weightedAverageShsOut": 1573874000,
        "weightedAverageShsOutDil": 1573874000,
        "link": "",
        "finalLink": ""
    },
    {
        "date": "1993-09-30",
        "symbol": "DIS",
        "reportedCurrency": "USD",
        "fillingDate": "1993-09-30",
        "acceptedDate": "1993-09-30",
        "period": "FY",
        "revenue": 8529200000,
        "costOfRevenue": 5776300000,
        "grossProfit": 2752900000,
        "grossProfitRatio": 0.32276180650002345,
        "researchAndDevelopmentExpenses": 0.0,
        "generalAndAdministrativeExpenses": 164200000,
        "sellingAndMarketingExpenses": 0.0,
        "otherExpenses": 0.0,
        "operatingExpenses": 1192600000,
        "costAndExpenses": 6968900000,
        "interestExpense": 0.0,
        "depreciationAndAmortization": 1028400000,
        "ebitda": 2588700000,
        "ebitdaratio": 0.30351029404867985,
        "operatingIncome": 1560300000,
        "operatingIncomeRatio": 0.1829362660038456,
        "totalOtherIncomeExpensesNet": -328600000,
        "incomeBeforeTax": 1074000000,
        "incomeBeforeTaxRatio": 0.1259203676780941,
        "incomeTaxExpense": 402700000,
        "netIncome": 299800000,
        "netIncomeRatio": 0.03514983820287952,
        "eps": 0.06,
        "epsdiluted": 0.06,
        "weightedAverageShsOut": 1608108000,
        "weightedAverageShsOutDil": 1608108000,
        "link": "",
        "finalLink": ""
    },
    {
        "date": "1992-09-30",
        "symbol": "DIS",
        "reportedCurrency": "USD",
        "fillingDate": "1992-09-30",
        "acceptedDate": "1992-09-30",
        "period": "FY",
        "revenue": 7504000000,
        "costOfRevenue": 5309100000,
        "grossProfit": 2194900000,
        "grossProfitRatio": 0.29249733475479744,
        "researchAndDevelopmentExpenses": 0.0,
        "generalAndAdministrativeExpenses": 148200000,
        "sellingAndMarketingExpenses": 0.0,
        "otherExpenses": 0.0,
        "operatingExpenses": 907800000,
        "costAndExpenses": 6216900000,
        "interestExpense": 0.0,
        "depreciationAndAmortization": 759600000,
        "ebitda": 2046700000,
        "ebitdaratio": 0.272747867803838,
        "operatingIncome": 1287100000,
        "operatingIncomeRatio": 0.17152185501066097,
        "totalOtherIncomeExpensesNet": 141500000,
        "incomeBeforeTax": 1301800000,
        "incomeBeforeTaxRatio": 0.17348081023454157,
        "incomeTaxExpense": 485100000,
        "netIncome": 816700000,
        "netIncomeRatio": 0.10883528784648187,
        "eps": 0.17,
        "epsdiluted": 0.17,
        "weightedAverageShsOut": 1574775000,
        "weightedAverageShsOutDil": 1574775000,
        "link": "",
        "finalLink": ""
    },
    {
        "date": "1991-09-30",
        "symbol": "DIS",
        "reportedCurrency": "USD",
        "fillingDate": "1991-09-30",
        "acceptedDate": "1991-09-30",
        "period": "FY",
        "revenue": 6182400000,
        "costOfRevenue": 4223000000,
        "grossProfit": 1959400000,
        "grossProfitRatio": 0.3169319358178054,
        "researchAndDevelopmentExpenses": 0.0,
        "generalAndAdministrativeExpenses": 160800000,
        "sellingAndMarketingExpenses": 0.0,
        "otherExpenses": 0.0,
        "operatingExpenses": 955300000,
        "costAndExpenses": 5178300000,
        "interestExpense": 0.0,
        "depreciationAndAmortization": 794500000,
        "ebitda": 1798600000,
        "ebitdaratio": 0.29092261904761907,
        "operatingIncome": 1004100000,
        "operatingIncomeRatio": 0.1624126552795031,
        "totalOtherIncomeExpensesNet": 119400000,
        "incomeBeforeTax": 1018500000,
        "incomeBeforeTaxRatio": 0.16474184782608695,
        "incomeTaxExpense": 381900000,
        "netIncome": 636600000,
        "netIncomeRatio": 0.10296972049689442,
        "eps": 0.033333,
        "epsdiluted": 0.033333,
        "weightedAverageShsOut": 1563964000,
        "weightedAverageShsOutDil": 1563964000,
        "link": "",
        "finalLink": ""
    },
    {
        "date": "1990-09-30",
        "symbol": "DIS",
        "reportedCurrency": "USD",
        "fillingDate": "1990-09-30",
        "acceptedDate": "1990-09-30",
        "period": "FY",
        "revenue": 5843700000,
        "costOfRevenue": 3879900000,
        "grossProfit": 1963800000,
        "grossProfitRatio": 0.3360542122285538,
        "researchAndDevelopmentExpenses": 0.0,
        "generalAndAdministrativeExpenses": 138500000,
        "sellingAndMarketingExpenses": 0.0,
        "otherExpenses": 0.0,
        "operatingExpenses": 676800000,
        "costAndExpenses": 4556700000,
        "interestExpense": 0.0,
        "depreciationAndAmortization": 538300000,
        "ebitda": 1825300000,
        "ebitdaratio": 0.3123534746821363,
        "operatingIncome": 1287000000,
        "operatingIncomeRatio": 0.220237178499923,
        "totalOtherIncomeExpensesNet": 80800000,
        "incomeBeforeTax": 1324700000,
        "incomeBeforeTaxRatio": 0.22668857059739547,
        "incomeTaxExpense": 500700000,
        "netIncome": 824000000,
        "netIncomeRatio": 0.14100655406677276,
        "eps": 0.041667,
        "epsdiluted": 0.041667,
        "weightedAverageShsOut": 1583183000,
        "weightedAverageShsOutDil": 1583183000,
        "link": "",
        "finalLink": ""
    },
    {
        "date": "1989-09-30",
        "symbol": "DIS",
        "reportedCurrency": "USD",
        "fillingDate": "1989-09-30",
        "acceptedDate": "1989-09-30",
        "period": "FY",
        "revenue": 4594300000,
        "costOfRevenue": 2901700000,
        "grossProfit": 1692600000,
        "grossProfitRatio": 0.36841303354156235,
        "researchAndDevelopmentExpenses": 0.0,
        "generalAndAdministrativeExpenses": 119600000,
        "sellingAndMarketingExpenses": 0.0,
        "otherExpenses": 0.0,
        "operatingExpenses": 583200000,
        "costAndExpenses": 3484900000,
        "interestExpense": 0.0,
        "depreciationAndAmortization": 463600000,
        "ebitda": 1573000000,
        "ebitdaratio": 0.34238077617917856,
        "operatingIncome": 1109400000,
        "operatingIncomeRatio": 0.24147312974773089,
        "totalOtherIncomeExpensesNet": 67400000,
        "incomeBeforeTax": 1152900000,
        "incomeBeforeTaxRatio": 0.25094138388873166,
        "incomeTaxExpense": 449600000,
        "netIncome": 703300000,
        "netIncomeRatio": 0.15308099166358313,
        "eps": 0.035833,
        "epsdiluted": 0.035833,
        "weightedAverageShsOut": 1625225000,
        "weightedAverageShsOutDil": 1625225000,
        "link": "",
        "finalLink": ""
    },
    {
        "date": "1988-09-30",
        "symbol": "DIS",
        "reportedCurrency": "USD",
        "fillingDate": "1988-09-30",
        "acceptedDate": "1988-09-30",
        "period": "FY",
        "revenue": 3497100000,
        "costOfRevenue": 0.0,
        "grossProfit": 0.0,
        "grossProfitRatio": 0.0,
        "researchAndDevelopmentExpenses": 0.0,
        "generalAndAdministrativeExpenses": 0.0,
        "sellingAndMarketingExpenses": 0.0,
        "otherExpenses": 0.0,
        "operatingExpenses": 2649400000,
        "costAndExpenses": 2649400000,
        "interestExpense": 0.0,
        "depreciationAndAmortization": 0.0,
        "ebitda": 847700000,
        "ebitdaratio": 0.2424008464156015,
        "operatingIncome": 847700000,
        "operatingIncomeRatio": 0.2424008464156015,
        "totalOtherIncomeExpensesNet": 0.0,
        "incomeBeforeTax": 841900000,
        "incomeBeforeTaxRatio": 0.24074232935861142,
        "incomeTaxExpense": 319900000,
        "netIncome": 522000000,
        "netIncomeRatio": 0.14926653512910698,
        "eps": 0.026667,
        "epsdiluted": 0.026667,
        "weightedAverageShsOut": 1600000000,
        "weightedAverageShsOutDil": 1600000000,
        "link": "",
        "finalLink": ""
    },
    {
        "date": "1987-09-30",
        "symbol": "DIS",
        "reportedCurrency": "USD",
        "fillingDate": "1987-09-30",
        "acceptedDate": "1987-09-30",
        "period": "FY",
        "revenue": 2925800000,
        "costOfRevenue": 0.0,
        "grossProfit": 0.0,
        "grossProfitRatio": 0.0,
        "researchAndDevelopmentExpenses": 0.0,
        "generalAndAdministrativeExpenses": 0.0,
        "sellingAndMarketingExpenses": 0.0,
        "otherExpenses": 0.0,
        "operatingExpenses": 2170300000,
        "costAndExpenses": 2170300000,
        "interestExpense": 0.0,
        "depreciationAndAmortization": 0.0,
        "ebitda": 755500000,
        "ebitdaratio": 0.2582199740241985,
        "operatingIncome": 755500000,
        "operatingIncomeRatio": 0.2582199740241985,
        "totalOtherIncomeExpensesNet": 0.0,
        "incomeBeforeTax": 726400000,
        "incomeBeforeTaxRatio": 0.24827397634834916,
        "incomeTaxExpense": 334100000,
        "netIncome": 444700000,
        "netIncomeRatio": 0.151992617403787,
        "eps": 0.0225,
        "epsdiluted": 0.0225,
        "weightedAverageShsOut": 1581982000,
        "weightedAverageShsOutDil": 1581982000,
        "link": "",
        "finalLink": ""
    },
    {
        "date": "1986-09-30",
        "symbol": "DIS",
        "reportedCurrency": "USD",
        "fillingDate": "1986-09-30",
        "acceptedDate": "1986-09-30",
        "period": "FY",
        "revenue": 2470900000,
        "costOfRevenue": 0.0,
        "grossProfit": 0.0,
        "grossProfitRatio": 0.0,
        "researchAndDevelopmentExpenses": 0.0,
        "generalAndAdministrativeExpenses": 0.0,
        "sellingAndMarketingExpenses": 0.0,
        "otherExpenses": 0.0,
        "operatingExpenses": 1967400000,
        "costAndExpenses": 1967400000,
        "interestExpense": 0.0,
        "depreciationAndAmortization": 0.0,
        "ebitda": 503500000,
        "ebitdaratio": 0.20377190497389616,
        "operatingIncome": 503500000,
        "operatingIncomeRatio": 0.20377190497389616,
        "totalOtherIncomeExpensesNet": 0.0,
        "incomeBeforeTax": 462200000,
        "incomeBeforeTaxRatio": 0.18705734752519326,
        "incomeTaxExpense": 214900000,
        "netIncome": 247300000,
        "netIncomeRatio": 0.10008498927516289,
        "eps": 0.0125,
        "epsdiluted": 0.0125,
        "weightedAverageShsOut": 1569970000,
        "weightedAverageShsOutDil": 1569970000,
        "link": "",
        "finalLink": ""
    },
    {
        "date": "1985-09-30",
        "symbol": "DIS",
        "reportedCurrency": "USD",
        "fillingDate": "1985-09-30",
        "acceptedDate": "1985-09-30",
        "period": "FY",
        "revenue": 2015400000,
        "costOfRevenue": 0.0,
        "grossProfit": 0.0,
        "grossProfitRatio": 0.0,
        "researchAndDevelopmentExpenses": 0.0,
        "generalAndAdministrativeExpenses": 0.0,
        "sellingAndMarketingExpenses": 0.0,
        "otherExpenses": 0.0,
        "operatingExpenses": 1653900000,
        "costAndExpenses": 1653900000,
        "interestExpense": 0.0,
        "depreciationAndAmortization": 0.0,
        "ebitda": 361500000,
        "ebitdaratio": 0.17936885977969633,
        "operatingIncome": 361500000,
        "operatingIncomeRatio": 0.17936885977969633,
        "totalOtherIncomeExpensesNet": 0.0,
        "incomeBeforeTax": 309900000,
        "incomeBeforeTaxRatio": 0.15376600178624591,
        "incomeTaxExpense": 136400000,
        "netIncome": 173500000,
        "netIncomeRatio": 0.08608712910588469,
        "eps": 0.002292,
        "epsdiluted": 0.002292,
        "weightedAverageShsOut": 1554066000,
        "weightedAverageShsOutDil": 1554066000,
        "link": "",
        "finalLink": ""
    }
]