[
    {
        "date": "2020-12-31",
        "symbol": "GOOG",
        "reportedCurrency": "USD",
        "fillingDate": "2021-02-03",
        "acceptedDate": "2021-02-02 20:12:25",
        "period": "Q4",
        "revenue": 56898000000,
        "costOfRevenue": 26080000000,
        "grossProfit": 30818000000,
        "grossProfitRatio": 0.5416359098738093,
        "researchAndDevelopmentExpenses": 7022000000,
        "generalAndAdministrativeExpenses": 2831000000,
        "sellingAndMarketingExpenses": 5314000000,
        "otherExpenses": -825000000,
        "operatingExpenses": 15167000000,
        "costAndExpenses": 41247000000,
        "interestExpense": 53000000,
        "depreciationAndAmortization": 3725000000,
        "ebitda": 19376000000,
        "ebitdaratio": 0.34053921051706565,
        "operatingIncome": 15651000000,
        "operatingIncomeRatio": 0.27507118000632713,
        "totalOtherIncomeExpensesNet": 2705000000,
        "incomeBeforeTax": 18689000000,
        "incomeBeforeTaxRatio": 0.328464972406763,
        "incomeTaxExpense": 3462000000,
        "netIncome": 15227000000,
        "netIncomeRatio": 0.26761924847973567,
        "eps": 22.54,
        "epsdiluted": 22.3,
        "weightedAverageShsOut": 675582000,
        "weightedAverageShsOutDil": 682969000,
        "link": "https://www.sec.gov/Archives/edgar/data/1652044/000165204421000010/0001652044-21-000010-index.htm",
        "finalLink": "https://www.sec.gov/Archives/edgar/data/1652044/000165204421000010/goog-20201231.htm"
    },
    {
        "date": "2020-09-30",
        "symbol": "GOOG",
        "reportedCurrency": "USD",
        "fillingDate": "2020-10-30",
        "acceptedDate": "2020-10-30",
        "period": "Q3",
        "revenue": 46173000000,
        "costOfRevenue": 21117000000,
        "grossProfit": 25056000000,
        "grossProfitRatio": 0.5426547982587226,
        "researchAndDevelopmentExpenses": 6856000000,
        "generalAndAdministrativeExpenses": 2756000000,
        "sellingAndMarketingExpenses": 4231000000,
        "otherExpenses": 2146000000,
        "operatingExpenses": 13843000000,
        "costAndExpenses": 34960000000,
        "interestExpense": 0.0,
        "depreciationAndAmortization": 6467000000,
        "ebitda": 17680000000,
        "ebitdaratio": 0.38290775994628895,
        "operatingIncome": 11213000000,
        "operatingIncomeRatio": 0.24284755159941956,
        "totalOtherIncomeExpensesNet": 2146000.0,
        "incomeBeforeTax": 13359000000,
        "incomeBeforeTaxRatio": 0.2893249301539861,
        "incomeTaxExpense": 2112000000,
        "netIncome": 11247000000,
        "netIncomeRatio": 0.24358391267623936,
        "eps": 15.335863175793143,
        "epsdiluted": 15.335863175793143,
        "weightedAverageShsOut": 733379000,
        "weightedAverageShsOutDil": 733379000,
        "link": "https://www.sec.gov/Archives/edgar/data/1652044/000165204420000050/0001652044-20-000050-index.htm",
        "finalLink": "https://www.sec.gov/Archives/edgar/data/1652044/000165204420000050/goog-20200930.htm"
    },
    {
        "date": "2020-06-30",
        "symbol": "GOOG",
        "reportedCurrency": "USD",
        "fillingDate": "2020-07-31",
        "acceptedDate": "2020-07-30 19:57:55",
        "period": "Q2",
        "revenue": 38297000000,
        "costOfRevenue": 18553000000,
        "grossProfit": 19744000000,
        "grossProfitRatio": 0.5155495208501971,
        "researchAndDevelopmentExpenses": 6875000000,
        "generalAndAdministrativeExpenses": 2585000000,
        "sellingAndMarketingExpenses": 3901000000,
        "otherExpenses": 1894000000,
        "operatingExpenses": 13361000000,
        "costAndExpenses": 31914000000,
        "interestExpense": 13000000,
        "depreciationAndAmortization": 3386000000,
        "ebitda": 9769000000,
        "ebitdaratio": 0.25508525471969085,
        "operatingIncome": 6383000000,
        "operatingIncomeRatio": 0.1666710186176463,
        "totalOtherIncomeExpensesNet": -222000000,
        "incomeBeforeTax": 8277000000,
        "incomeBeforeTaxRatio": 0.2161265895500953,
        "incomeTaxExpense": 1318000000,
        "netIncome": 6959000000,
        "netIncomeRatio": 0.1817113612032274,
        "eps": 9.48895,
        "epsdiluted": 9.48895,
        "weightedAverageShsOut": 733379000,
        "weightedAverageShsOutDil": 733379000,
        "link": "https://www.sec.gov/Archives/edgar/data/1652044/000165204420000032/goog-20200630.htm",
        "finalLink": "https://www.sec.gov/Archives/edgar/data/1652044/000165204420000032/goog-20200630.htm"
    },
    {
        "date": "2020-03-31",
        "symbol": "GOOG",
        "reportedCurrency": "USD",
        "fillingDate": "2020-04-29",
        "acceptedDate": "2020-04-28 18:52:33",
        "period": "Q1",
        "revenue": 41159000000,
        "costOfRevenue": 18982000000,
        "grossProfit": 22177000000,
        "grossProfitRatio": 0.538812896328871,
        "researchAndDevelopmentExpenses": 6820000000,
        "generalAndAdministrativeExpenses": 2880000000,
        "sellingAndMarketingExpenses": 4500000000,
        "otherExpenses": -220000000,
        "operatingExpenses": 14200000000,
        "costAndExpenses": 33182000000,
        "interestExpense": 21000000,
        "depreciationAndAmortization": 3108000000,
        "ebitda": 11085000000,
        "ebitdaratio": 0.2693214120848417,
        "operatingIncome": 7977000000,
        "operatingIncomeRatio": 0.1938093734055735,
        "totalOtherIncomeExpensesNet": -256000000,
        "incomeBeforeTax": 7757000000,
        "incomeBeforeTaxRatio": 0.1884642484025365,
        "incomeTaxExpense": 921000000,
        "netIncome": 6836000000,
        "netIncomeRatio": 0.16608761145800433,
        "eps": 9.25421,
        "epsdiluted": 9.25421,
        "weightedAverageShsOut": 738691000,
        "weightedAverageShsOutDil": 738691000,
        "link": "https://www.sec.gov/Archives/edgar/data/1652044/000165204420000021/0001652044-20-000021-index.htm",
        "finalLink": "https://www.sec.gov/Archives/edgar/data/1652044/000165204420000021/goog-20200331.htm"
    },
    {
        "date": "2019-12-31",
        "symbol": "GOOG",
        "reportedCurrency": "USD",
        "fillingDate": "2020-02-04",
        "acceptedDate": "2020-02-03 21:03:59",
        "period": "Q4",
        "revenue": 46075000000,
        "costOfRevenue": 21020000000,
        "grossProfit": 25055000000,
        "grossProfitRatio": 0.543787303309821,
        "researchAndDevelopmentExpenses": 7222000000,
        "generalAndAdministrativeExpenses": 2829000000,
        "sellingAndMarketingExpenses": 5738000000,
        "otherExpenses": 1438000000,
        "operatingExpenses": 15789000000,
        "costAndExpenses": 36809000000,
        "interestExpense": 17000000,
        "depreciationAndAmortization": 3413000000,
        "ebitda": 12679000000,
        "ebitdaratio": 0.2751817688551275,
        "operatingIncome": 9266000000,
        "operatingIncomeRatio": 0.20110689093868692,
        "totalOtherIncomeExpensesNet": -110000000,
        "incomeBeforeTax": 10704000000,
        "incomeBeforeTaxRatio": 0.232316874660879,
        "incomeTaxExpense": 33000000,
        "netIncome": 10671000000,
        "netIncomeRatio": 0.23160065111231687,
        "eps": 15.34969,
        "epsdiluted": 15.34969,
        "weightedAverageShsOut": 695193000,
        "weightedAverageShsOutDil": 695193000,
        "link": "https://www.sec.gov/Archives/edgar/data/1652044/000165204420000008/0001652044-20-000008-index.htm",
        "finalLink": "https://www.sec.gov/Archives/edgar/data/1652044/000165204420000008/goog10-k2019.htm"
    },
    {
        "date": "2019-09-30",
        "symbol": "GOOG",
        "reportedCurrency": "USD",
        "fillingDate": "2019-10-29",
        "acceptedDate": "2019-10-28 19:02:44",
        "period": "Q3",
        "revenue": 40499000000,
        "costOfRevenue": 17568000000,
        "grossProfit": 22931000000,
        "grossProfitRatio": 0.5662115113953431,
        "researchAndDevelopmentExpenses": 6554000000,
        "generalAndAdministrativeExpenses": 2591000000,
        "sellingAndMarketingExpenses": 4609000000,
        "otherExpenses": -549000000,
        "operatingExpenses": 13754000000,
        "costAndExpenses": 31322000000,
        "interestExpense": 23000000,
        "depreciationAndAmortization": 2920000000,
        "ebitda": 12097000000,
        "ebitdaratio": 0.2986987333020568,
        "operatingIncome": 9177000000,
        "operatingIncomeRatio": 0.2265981876095706,
        "totalOtherIncomeExpensesNet": 462000000,
        "incomeBeforeTax": 8628000000,
        "incomeBeforeTaxRatio": 0.2130422973406751,
        "incomeTaxExpense": 1560000000,
        "netIncome": 7068000000,
        "netIncomeRatio": 0.17452282772414135,
        "eps": 10.12319,
        "epsdiluted": 10.12319,
        "weightedAverageShsOut": 698199000,
        "weightedAverageShsOutDil": 698199000,
        "link": "https://www.sec.gov/Archives/edgar/data/1652044/000165204419000032/goog10-qq32019.htm",
        "finalLink": "https://www.sec.gov/Archives/edgar/data/1652044/000165204419000032/goog10-qq32019.htm"
    },
    {
        "date": "2019-06-30",
        "symbol": "GOOG",
        "reportedCurrency": "USD",
        "fillingDate": "2019-07-26",
        "acceptedDate": "2019-07-25 18:11:13",
        "period": "Q2",
        "revenue": 38944000000,
        "costOfRevenue": 17296000000,
        "grossProfit": 21648000000,
        "grossProfitRatio": 0.5558751027115859,
        "researchAndDevelopmentExpenses": 6213000000,
        "generalAndAdministrativeExpenses": 2043000000,
        "sellingAndMarketingExpenses": 4212000000,
        "otherExpenses": 2967000000,
        "operatingExpenses": 12468000000,
        "costAndExpenses": 29764000000,
        "interestExpense": 25000000,
        "depreciationAndAmortization": 2835000000,
        "ebitda": 12015000000,
        "ebitdaratio": 0.30851992604765816,
        "operatingIncome": 9180000000,
        "operatingIncomeRatio": 0.23572308956450289,
        "totalOtherIncomeExpensesNet": -552000000,
        "incomeBeforeTax": 12147000000,
        "incomeBeforeTaxRatio": 0.3119094083812654,
        "incomeTaxExpense": 2200000000,
        "netIncome": 9947000000,
        "netIncomeRatio": 0.2554180361544782,
        "eps": 14.21093,
        "epsdiluted": 14.21093,
        "weightedAverageShsOut": 699954000,
        "weightedAverageShsOutDil": 699954000,
        "link": "https://www.sec.gov/Archives/edgar/data/1652044/000165204419000023/goog10-qq22019.htm",
        "finalLink": "https://www.sec.gov/Archives/edgar/data/1652044/000165204419000023/goog10-qq22019.htm"
    },
    {
        "date": "2019-03-31",
        "symbol": "GOOG",
        "reportedCurrency": "USD",
        "fillingDate": "2019-04-30",
        "acceptedDate": "2019-04-29 19:32:43",
        "period": "Q1",
        "revenue": 36339000000,
        "costOfRevenue": 16012000000,
        "grossProfit": 20327000000,
        "grossProfitRatio": 0.5593714741737528,
        "researchAndDevelopmentExpenses": 6029000000,
        "generalAndAdministrativeExpenses": 2088000000,
        "sellingAndMarketingExpenses": 3905000000,
        "otherExpenses": 1538000000,
        "operatingExpenses": 12022000000,
        "costAndExpenses": 29731000000,
        "interestExpense": 35000000,
        "depreciationAndAmortization": 2613000000,
        "ebitda": 9221000000,
        "ebitdaratio": 0.2537494152288175,
        "operatingIncome": 6608000000,
        "operatingIncomeRatio": 0.18184319876716476,
        "totalOtherIncomeExpensesNet": 121000000,
        "incomeBeforeTax": 8146000000,
        "incomeBeforeTaxRatio": 0.22416687305649577,
        "incomeTaxExpense": 1489000000,
        "netIncome": 6657000000,
        "netIncomeRatio": 0.18319161231734502,
        "eps": 9.49807,
        "epsdiluted": 9.49807,
        "weightedAverageShsOut": 700879000,
        "weightedAverageShsOutDil": 700879000,
        "link": "https://www.sec.gov/Archives/edgar/data/1652044/000165204419000004/goog10-kq42018.htm",
        "finalLink": "https://www.sec.gov/Archives/edgar/data/1652044/000165204419000004/goog10-kq42018.htm"
    },
    {
        "date": "2018-12-31",
        "symbol": "GOOG",
        "reportedCurrency": "USD",
        "fillingDate": "2019-02-05",
        "acceptedDate": "2019-02-04 21:06:38",
        "period": "Q4",
        "revenue": 39276000000,
        "costOfRevenue": 17918000000,
        "grossProfit": 21358000000,
        "grossProfitRatio": 0.5437926469090538,
        "researchAndDevelopmentExpenses": 6034000000,
        "generalAndAdministrativeExpenses": 2021000000,
        "sellingAndMarketingExpenses": 5100000000,
        "otherExpenses": 1869000000,
        "operatingExpenses": 13155000000,
        "costAndExpenses": 31055000000,
        "interestExpense": 29000000,
        "depreciationAndAmortization": 2580000000,
        "ebitda": 10801000000,
        "ebitdaratio": 0.2750025460841226,
        "operatingIncome": 8221000000,
        "operatingIncomeRatio": 0.2093135757205418,
        "totalOtherIncomeExpensesNet": 177000000,
        "incomeBeforeTax": 10072000000,
        "incomeBeforeTaxRatio": 0.2564415928302271,
        "incomeTaxExpense": 1124000000,
        "netIncome": 8948000000,
        "netIncomeRatio": 0.22782360729198492,
        "eps": 12.76644,
        "epsdiluted": 12.76644,
        "weightedAverageShsOut": 700900000,
        "weightedAverageShsOutDil": 700900000,
        "link": "https://www.sec.gov/Archives/edgar/data/1652044/000165204419000004/goog10-kq42018.htm",
        "finalLink": "https://www.sec.gov/Archives/edgar/data/1652044/000165204419000004/goog10-kq42018.htm"
    },
    {
        "date": "2018-09-30",
        "symbol": "GOOG",
        "reportedCurrency": "USD",
        "fillingDate": "2018-10-26",
        "acceptedDate": "2018-10-25 17:41:36",
        "period": "Q3",
        "revenue": 33740000000,
        "costOfRevenue": 14281000000,
        "grossProfit": 19459000000,
        "grossProfitRatio": 0.5767338470657972,
        "researchAndDevelopmentExpenses": 5232000000,
        "generalAndAdministrativeExpenses": 2068000000,
        "sellingAndMarketingExpenses": 3849000000,
        "otherExpenses": 1773000000,
        "operatingExpenses": 11149000000,
        "costAndExpenses": 25115000000,
        "interestExpense": 28000000,
        "depreciationAndAmortization": 2355000000,
        "ebitda": 10980000000,
        "ebitdaratio": 0.3254297569650267,
        "operatingIncome": 8625000000,
        "operatingIncomeRatio": 0.2556312981624185,
        "totalOtherIncomeExpensesNet": -441000000,
        "incomeBeforeTax": 10083000000,
        "incomeBeforeTaxRatio": 0.29884410195613514,
        "incomeTaxExpense": 891000000,
        "netIncome": 9192000000,
        "netIncomeRatio": 0.2724362774155305,
        "eps": 13.05682,
        "epsdiluted": 13.05682,
        "weightedAverageShsOut": 704000000,
        "weightedAverageShsOutDil": 704000000,
        "link": "https://www.sec.gov/Archives/edgar/data/1652044/000165204418000035/goog10-qq32018.htm",
        "finalLink": "https://www.sec.gov/Archives/edgar/data/1652044/000165204418000035/goog10-qq32018.htm"
    },
    {
        "date": "2018-06-30",
        "symbol": "GOOG",
        "reportedCurrency": "USD",
        "fillingDate": "2018-07-24",
        "acceptedDate": "2018-07-23 21:02:56",
        "period": "Q2",
        "revenue": 32657000000,
        "costOfRevenue": 13883000000,
        "grossProfit": 18774000000,
        "grossProfitRatio": 0.5748844045686989,
        "researchAndDevelopmentExpenses": 5114000000,
        "generalAndAdministrativeExpenses": 2002000000,
        "sellingAndMarketingExpenses": 3780000000,
        "otherExpenses": 1408000000,
        "operatingExpenses": 10896000000,
        "costAndExpenses": 29612000000,
        "interestExpense": 27000000,
        "depreciationAndAmortization": 2114000000,
        "ebitda": 5159000000,
        "ebitdaratio": 0.15797531922711822,
        "operatingIncome": 3045000000,
        "operatingIncomeRatio": 0.09324187769850262,
        "totalOtherIncomeExpensesNet": -399000000,
        "incomeBeforeTax": 4215000000,
        "incomeBeforeTaxRatio": 0.12906880607526716,
        "incomeTaxExpense": 1020000000,
        "netIncome": 3195000000,
        "netIncomeRatio": 0.09783507364424167,
        "eps": 4.54481,
        "epsdiluted": 4.54481,
        "weightedAverageShsOut": 703000000,
        "weightedAverageShsOutDil": 703000000,
        "link": "https://www.sec.gov/Archives/edgar/data/1652044/000165204418000027/goog10-qq22018.htm",
        "finalLink": "https://www.sec.gov/Archives/edgar/data/1652044/000165204418000027/goog10-qq22018.htm"
    },
    {
        "date": "2018-03-31",
        "symbol": "GOOG",
        "reportedCurrency": "USD",
        "fillingDate": "2018-04-24",
        "acceptedDate": "2018-04-23 18:54:51",
        "period": "Q1",
        "revenue": 31146000000,
        "costOfRevenue": 13467000000,
        "grossProfit": 17679000000,
        "grossProfitRatio": 0.5676170294740898,
        "researchAndDevelopmentExpenses": 5039000000,
        "generalAndAdministrativeExpenses": 2035000000,
        "sellingAndMarketingExpenses": 3604000000,
        "otherExpenses": 3542000000,
        "operatingExpenses": 10678000000,
        "costAndExpenses": 23513000000,
        "interestExpense": 30000000,
        "depreciationAndAmortization": 1986000000,
        "ebitda": 9619000000,
        "ebitdaratio": 0.3088358055609067,
        "operatingIncome": 7633000000,
        "operatingIncomeRatio": 0.24507159827907277,
        "totalOtherIncomeExpensesNet": -331000000,
        "incomeBeforeTax": 10543000000,
        "incomeBeforeTaxRatio": 0.3385025364412766,
        "incomeTaxExpense": 1142000000,
        "netIncome": 9401000000,
        "netIncomeRatio": 0.30183651191164196,
        "eps": 13.33475,
        "epsdiluted": 13.33475,
        "weightedAverageShsOut": 705000000,
        "weightedAverageShsOutDil": 705000000,
        "link": "https://www.sec.gov/Archives/edgar/data/1652044/000165204418000007/goog10-kq42017.htm",
        "finalLink": "https://www.sec.gov/Archives/edgar/data/1652044/000165204418000007/goog10-kq42017.htm"
    },
    {
        "date": "2017-12-31",
        "symbol": "GOOG",
        "reportedCurrency": "USD",
        "fillingDate": "2018-02-06",
        "acceptedDate": "2018-02-05 20:46:29",
        "period": "Q4",
        "revenue": 32323000000,
        "costOfRevenue": 14267000000,
        "grossProfit": 18056000000,
        "grossProfitRatio": 0.5586115150202642,
        "researchAndDevelopmentExpenses": 4306000000,
        "generalAndAdministrativeExpenses": 1776000000,
        "sellingAndMarketingExpenses": 4310000000,
        "otherExpenses": 354000000,
        "operatingExpenses": 10392000000,
        "costAndExpenses": 24659000000,
        "interestExpense": 36000000,
        "depreciationAndAmortization": 2026000000,
        "ebitda": 9690000000,
        "ebitdaratio": 0.2997865297156823,
        "operatingIncome": 7664000000,
        "operatingIncomeRatio": 0.23710670420443647,
        "totalOtherIncomeExpensesNet": -9000000.0,
        "incomeBeforeTax": 8018000000,
        "incomeBeforeTaxRatio": 0.2480586579216038,
        "incomeTaxExpense": 1214000000,
        "netIncome": -3020000000,
        "netIncomeRatio": -0.09343192154193608,
        "eps": -4.34532,
        "epsdiluted": -4.34532,
        "weightedAverageShsOut": 695000000,
        "weightedAverageShsOutDil": 695000000,
        "link": "https://www.sec.gov/Archives/edgar/data/1652044/000165204418000007/goog10-kq42017.htm",
        "finalLink": "https://www.sec.gov/Archives/edgar/data/1652044/000165204418000007/goog10-kq42017.htm"
    },
    {
        "date": "2017-09-30",
        "symbol": "GOOG",
        "reportedCurrency": "USD",
        "fillingDate": "2017-10-27",
        "acceptedDate": "2017-10-26 17:49:09",
        "period": "Q3",
        "revenue": 27772000000,
        "costOfRevenue": 11148000000,
        "grossProfit": 16624000000,
        "grossProfitRatio": 0.5985885064093331,
        "researchAndDevelopmentExpenses": 4205000000,
        "generalAndAdministrativeExpenses": 1595000000,
        "sellingAndMarketingExpenses": 3042000000,
        "otherExpenses": 197000000,
        "operatingExpenses": 8842000000,
        "costAndExpenses": 19990000000,
        "interestExpense": 27000000,
        "depreciationAndAmortization": 1761000000,
        "ebitda": 9543000000,
        "ebitdaratio": 0.3436194728503529,
        "operatingIncome": 7782000000,
        "operatingIncomeRatio": 0.28021028373901774,
        "totalOtherIncomeExpensesNet": 55000000,
        "incomeBeforeTax": 7979000000,
        "incomeBeforeTaxRatio": 0.2873037591819098,
        "incomeTaxExpense": 1247000000,
        "netIncome": 6732000000,
        "netIncomeRatio": 0.2424024197032983,
        "eps": 9.5625,
        "epsdiluted": 9.5625,
        "weightedAverageShsOut": 704000000,
        "weightedAverageShsOutDil": 704000000,
        "link": "https://www.sec.gov/Archives/edgar/data/1652044/000165204417000042/goog10-qq32017.htm",
        "finalLink": "https://www.sec.gov/Archives/edgar/data/1652044/000165204417000042/goog10-qq32017.htm"
    },
    {
        "date": "2017-06-30",
        "symbol": "GOOG",
        "reportedCurrency": "USD",
        "fillingDate": "2017-07-25",
        "acceptedDate": "2017-07-24 18:23:27",
        "period": "Q2",
        "revenue": 26010000000,
        "costOfRevenue": 10373000000,
        "grossProfit": 15637000000,
        "grossProfitRatio": 0.6011918492887351,
        "researchAndDevelopmentExpenses": 4172000000,
        "generalAndAdministrativeExpenses": 1700000000,
        "sellingAndMarketingExpenses": 2897000000,
        "otherExpenses": 245000000,
        "operatingExpenses": 8769000000,
        "costAndExpenses": 21878000000,
        "interestExpense": 21000000,
        "depreciationAndAmortization": 1625000000,
        "ebitda": 5757000000,
        "ebitdaratio": 0.22133794694348327,
        "operatingIncome": 4132000000,
        "operatingIncomeRatio": 0.15886197616301423,
        "totalOtherIncomeExpensesNet": 31000000,
        "incomeBeforeTax": 4377000000,
        "incomeBeforeTaxRatio": 0.1682814302191465,
        "incomeTaxExpense": 853000000,
        "netIncome": 3524000000,
        "netIncomeRatio": 0.13548635140330642,
        "eps": 5.00568,
        "epsdiluted": 5.00568,
        "weightedAverageShsOut": 704000000,
        "weightedAverageShsOutDil": 704000000,
        "link": "https://www.sec.gov/Archives/edgar/data/1652044/000165204417000026/goog10-qq22017.htm",
        "finalLink": "https://www.sec.gov/Archives/edgar/data/1652044/000165204417000026/goog10-qq22017.htm"
    },
    {
        "date": "2017-03-31",
        "symbol": "GOOG",
        "reportedCurrency": "USD",
        "fillingDate": "2017-05-02",
        "acceptedDate": "2017-05-02 16:25:09",
        "period": "Q1",
        "revenue": 24750000000,
        "costOfRevenue": 9795000000,
        "grossProfit": 14955000000,
        "grossProfitRatio": 0.6042424242424242,
        "researchAndDevelopmentExpenses": 3942000000,
        "generalAndAdministrativeExpenses": 1801000000,
        "sellingAndMarketingExpenses": 2644000000,
        "otherExpenses": 251000000,
        "operatingExpenses": 8387000000,
        "costAndExpenses": 18182000000,
        "interestExpense": 25000000,
        "depreciationAndAmortization": 1503000000,
        "ebitda": 8071000000,
        "ebitdaratio": 0.3261010101010101,
        "operatingIncome": 6568000000,
        "operatingIncomeRatio": 0.2653737373737374,
        "totalOtherIncomeExpensesNet": 205000000,
        "incomeBeforeTax": 6819000000,
        "incomeBeforeTaxRatio": 0.2755151515151515,
        "incomeTaxExpense": 1393000000,
        "netIncome": 5426000000,
        "netIncomeRatio": 0.21923232323232322,
        "eps": 7.72934,
        "epsdiluted": 7.72934,
        "weightedAverageShsOut": 702000000,
        "weightedAverageShsOutDil": 702000000,
        "link": "https://www.sec.gov/Archives/edgar/data/1652044/000165204417000008/goog10-kq42016.htm",
        "finalLink": "https://www.sec.gov/Archives/edgar/data/1652044/000165204417000008/goog10-kq42016.htm"
    },
    {
        "date": "2016-12-31",
        "symbol": "GOOG",
        "reportedCurrency": "USD",
        "fillingDate": "2017-02-03",
        "acceptedDate": "2017-02-02 18:13:47",
        "period": "Q4",
        "revenue": 26064000000,
        "costOfRevenue": 10661000000,
        "grossProfit": 15403000000,
        "grossProfitRatio": 0.5909683855125845,
        "researchAndDevelopmentExpenses": 3622000000,
        "generalAndAdministrativeExpenses": 2024000000,
        "sellingAndMarketingExpenses": 3118000000,
        "otherExpenses": 434000000,
        "operatingExpenses": 8764000000,
        "costAndExpenses": 19425000000,
        "interestExpense": 33000000,
        "depreciationAndAmortization": 1687000000,
        "ebitda": 8326000000,
        "ebitdaratio": 0.3194444444444444,
        "operatingIncome": 6639000000,
        "operatingIncomeRatio": 0.25471915285451197,
        "totalOtherIncomeExpensesNet": -227000000,
        "incomeBeforeTax": 6857000000,
        "incomeBeforeTaxRatio": 0.26308317986494784,
        "incomeTaxExpense": 1524000000,
        "netIncome": 5333000000,
        "netIncomeRatio": 0.20461172498465316,
        "eps": 7.7178,
        "epsdiluted": 7.7178,
        "weightedAverageShsOut": 691000000,
        "weightedAverageShsOutDil": 691000000,
        "link": "https://www.sec.gov/Archives/edgar/data/1652044/000165204417000008/goog10-kq42016.htm",
        "finalLink": "https://www.sec.gov/Archives/edgar/data/1652044/000165204417000008/goog10-kq42016.htm"
    },
    {
        "date": "2016-09-30",
        "symbol": "GOOG",
        "reportedCurrency": "USD",
        "fillingDate": "2016-11-03",
        "acceptedDate": "2016-11-02 17:46:02",
        "period": "Q3",
        "revenue": 22451000000,
        "costOfRevenue": 8699000000,
        "grossProfit": 13752000000,
        "grossProfitRatio": 0.6125339628524342,
        "researchAndDevelopmentExpenses": 3596000000,
        "generalAndAdministrativeExpenses": 1824000000,
        "sellingAndMarketingExpenses": 2565000000,
        "otherExpenses": 0.0,
        "operatingExpenses": 7985000000,
        "costAndExpenses": 16684000000,
        "interestExpense": 29000000,
        "depreciationAndAmortization": 1596000000,
        "ebitda": 7363000000,
        "ebitdaratio": 0.3279586655382834,
        "operatingIncome": 5767000000,
        "operatingIncomeRatio": 0.2568705180170148,
        "totalOtherIncomeExpensesNet": 188000000,
        "incomeBeforeTax": 6045000000,
        "incomeBeforeTaxRatio": 0.2692530399536769,
        "incomeTaxExpense": 984000000,
        "netIncome": 5061000000,
        "netIncomeRatio": 0.22542425727139104,
        "eps": 7.25072,
        "epsdiluted": 7.25072,
        "weightedAverageShsOut": 698000000,
        "weightedAverageShsOutDil": 698000000,
        "link": "https://www.sec.gov/Archives/edgar/data/1652044/000165204416000038/goog10-qq32016.htm",
        "finalLink": "https://www.sec.gov/Archives/edgar/data/1652044/000165204416000038/goog10-qq32016.htm"
    },
    {
        "date": "2016-06-30",
        "symbol": "GOOG",
        "reportedCurrency": "USD",
        "fillingDate": "2016-08-04",
        "acceptedDate": "2016-08-04 16:22:44",
        "period": "Q2",
        "revenue": 21500000000,
        "costOfRevenue": 8130000000,
        "grossProfit": 13370000000,
        "grossProfitRatio": 0.621860465116279,
        "researchAndDevelopmentExpenses": 3363000000,
        "generalAndAdministrativeExpenses": 1624000000,
        "sellingAndMarketingExpenses": 2415000000,
        "otherExpenses": 0.0,
        "operatingExpenses": 7402000000,
        "costAndExpenses": 15532000000,
        "interestExpense": 32000000,
        "depreciationAndAmortization": 1490000000,
        "ebitda": 7458000000,
        "ebitdaratio": 0.34688372093023256,
        "operatingIncome": 5968000000,
        "operatingIncomeRatio": 0.2775813953488372,
        "totalOtherIncomeExpensesNet": 149000000,
        "incomeBeforeTax": 6119000000,
        "incomeBeforeTaxRatio": 0.2846046511627907,
        "incomeTaxExpense": 1242000000,
        "netIncome": 4877000000,
        "netIncomeRatio": 0.2268372093023256,
        "eps": 6.99713,
        "epsdiluted": 6.99713,
        "weightedAverageShsOut": 697000000,
        "weightedAverageShsOutDil": 697000000,
        "link": "https://www.sec.gov/Archives/edgar/data/1652044/000165204416000032/goog10-qq22016.htm",
        "finalLink": "https://www.sec.gov/Archives/edgar/data/1652044/000165204416000032/goog10-qq22016.htm"
    },
    {
        "date": "2016-03-31",
        "symbol": "GOOG",
        "reportedCurrency": "USD",
        "fillingDate": "2016-05-03",
        "acceptedDate": "2016-05-02 20:56:36",
        "period": "Q1",
        "revenue": 20257000000,
        "costOfRevenue": 7648000000,
        "grossProfit": 12609000000,
        "grossProfitRatio": 0.6224514982475193,
        "researchAndDevelopmentExpenses": 3367000000,
        "generalAndAdministrativeExpenses": 1513000000,
        "sellingAndMarketingExpenses": 2387000000,
        "otherExpenses": -1000000.0,
        "operatingExpenses": 7267000000,
        "costAndExpenses": 14915000000,
        "interestExpense": 30000000,
        "depreciationAndAmortization": 1371000000,
        "ebitda": 6713000000,
        "ebitdaratio": 0.3313916177123957,
        "operatingIncome": 5342000000,
        "operatingIncomeRatio": 0.2637113096707311,
        "totalOtherIncomeExpensesNet": 234000000,
        "incomeBeforeTax": 5129000000,
        "incomeBeforeTaxRatio": 0.2531964259268401,
        "incomeTaxExpense": 922000000,
        "netIncome": 4207000000,
        "netIncomeRatio": 0.2076812953546922,
        "eps": 6.0186,
        "epsdiluted": 6.0186,
        "weightedAverageShsOut": 699000000,
        "weightedAverageShsOutDil": 699000000,
        "link": "https://www.sec.gov/Archives/edgar/data/1652044/000165204416000012/goog10-k2015.htm",
        "finalLink": "https://www.sec.gov/Archives/edgar/data/1652044/000165204416000012/goog10-k2015.htm"
    },
    {
        "date": "2015-12-31",
        "symbol": "GOOG",
        "reportedCurrency": "USD",
        "fillingDate": "2016-02-11",
        "acceptedDate": "2016-02-11 16:38:35",
        "period": "Q4",
        "revenue": 21329000000,
        "costOfRevenue": 8188000000,
        "grossProfit": 13141000000,
        "grossProfitRatio": 0.6161095222467063,
        "researchAndDevelopmentExpenses": 3510000000,
        "generalAndAdministrativeExpenses": 1572000000,
        "sellingAndMarketingExpenses": 2679000000,
        "otherExpenses": 291000000,
        "operatingExpenses": 7761000000,
        "costAndExpenses": 15949000000,
        "interestExpense": 26000000,
        "depreciationAndAmortization": 1404000000,
        "ebitda": 6784000000,
        "ebitdaratio": 0.31806460687327115,
        "operatingIncome": 5380000000,
        "operatingIncomeRatio": 0.25223873599324864,
        "totalOtherIncomeExpensesNet": 145000000,
        "incomeBeforeTax": 5200000000,
        "incomeBeforeTaxRatio": 0.24379952177786113,
        "incomeTaxExpense": 277000000,
        "netIncome": 4923000000,
        "netIncomeRatio": 0.23081250879084814,
        "eps": 7.06313,
        "epsdiluted": 7.06313,
        "weightedAverageShsOut": 697000000,
        "weightedAverageShsOutDil": 697000000,
        "link": "https://www.sec.gov/Archives/edgar/data/1652044/000165204416000012/goog10-k2015.htm",
        "finalLink": "https://www.sec.gov/Archives/edgar/data/1652044/000165204416000012/goog10-k2015.htm"
    },
    {
        "date": "2015-09-30",
        "symbol": "GOOG",
        "reportedCurrency": "USD",
        "fillingDate": "2015-09-30",
        "acceptedDate": "2015-09-30",
        "period": "Q3",
        "revenue": 18675000000,
        "costOfRevenue": 7037000000,
        "grossProfit": 11638000000,
        "grossProfitRatio": 0.623186077643909,
        "researchAndDevelopmentExpenses": 3230000000,
        "generalAndAdministrativeExpenses": 1477000000,
        "sellingAndMarketingExpenses": 2223000000,
        "otherExpenses": 49000000,
        "operatingExpenses": 6930000000,
        "costAndExpenses": 13967000000,
        "interestExpense": 26000000,
        "depreciationAndAmortization": 3659000000,
        "ebitda": 8367000000,
        "ebitdaratio": 0.4480321285140562,
        "operatingIncome": 4708000000,
        "operatingIncomeRatio": 0.2521017402945114,
        "totalOtherIncomeExpensesNet": -50000000,
        "incomeBeforeTax": 4891000000,
        "incomeBeforeTaxRatio": 0.26190093708165996,
        "incomeTaxExpense": 912000000,
        "netIncome": 3979000000,
        "netIncomeRatio": 0.21306559571619813,
        "eps": 5.8,
        "epsdiluted": 5.73,
        "weightedAverageShsOut": 686034483,
        "weightedAverageShsOutDil": 694319000,
        "link": "",
        "finalLink": ""
    },
    {
        "date": "2015-06-30",
        "symbol": "GOOG",
        "reportedCurrency": "USD",
        "fillingDate": "2015-06-30",
        "acceptedDate": "2015-06-30",
        "period": "Q2",
        "revenue": 17727000000,
        "costOfRevenue": 6583000000,
        "grossProfit": 11144000000,
        "grossProfitRatio": 0.6286455689061883,
        "researchAndDevelopmentExpenses": 2789000000,
        "generalAndAdministrativeExpenses": 1450000000,
        "sellingAndMarketingExpenses": 2080000000,
        "otherExpenses": 33000000,
        "operatingExpenses": 6319000000,
        "costAndExpenses": 12902000000,
        "interestExpense": 26000000,
        "depreciationAndAmortization": 1234000000,
        "ebitda": 6059000000,
        "ebitdaratio": 0.34179500197438933,
        "operatingIncome": 4825000000,
        "operatingIncomeRatio": 0.2721836746206352,
        "totalOtherIncomeExpensesNet": -83000000,
        "incomeBeforeTax": 4956000000,
        "incomeBeforeTaxRatio": 0.2795735319004908,
        "incomeTaxExpense": 1025000000,
        "netIncome": 3931000000,
        "netIncomeRatio": 0.22175212951994133,
        "eps": 4.99,
        "epsdiluted": 4.93,
        "weightedAverageShsOut": 683166333,
        "weightedAverageShsOutDil": 691480730,
        "link": "",
        "finalLink": ""
    },
    {
        "date": "2015-03-31",
        "symbol": "GOOG",
        "reportedCurrency": "USD",
        "fillingDate": "2015-03-31",
        "acceptedDate": "2015-03-31",
        "period": "Q1",
        "revenue": 17258000000,
        "costOfRevenue": 6356000000,
        "grossProfit": 10902000000,
        "grossProfitRatio": 0.6317070344188203,
        "researchAndDevelopmentExpenses": 2753000000,
        "generalAndAdministrativeExpenses": 1637000000,
        "sellingAndMarketingExpenses": 2065000000,
        "otherExpenses": -13000000,
        "operatingExpenses": 6455000000,
        "costAndExpenses": 12811000000,
        "interestExpense": 26000000,
        "depreciationAndAmortization": 1177000000,
        "ebitda": 5624000000,
        "ebitdaratio": 0.325877853748986,
        "operatingIncome": 4447000000,
        "operatingIncomeRatio": 0.2576775987947619,
        "totalOtherIncomeExpensesNet": -43000000,
        "incomeBeforeTax": 4604000000,
        "incomeBeforeTaxRatio": 0.26677482906478156,
        "incomeTaxExpense": 1018000000,
        "netIncome": 3586000000,
        "netIncomeRatio": 0.20778769266427163,
        "eps": 5.27,
        "epsdiluted": 5.2,
        "weightedAverageShsOut": 680915000,
        "weightedAverageShsOutDil": 689498000,
        "link": "",
        "finalLink": ""
    },
    {
        "date": "2014-12-31",
        "symbol": "GOOG",
        "reportedCurrency": "USD",
        "fillingDate": "2014-12-31",
        "acceptedDate": "2014-12-31",
        "period": "Q4",
        "revenue": 18103000000,
        "costOfRevenue": 6921000000,
        "grossProfit": 11182000000,
        "grossProfitRatio": 0.6176876760757886,
        "researchAndDevelopmentExpenses": 2813000000,
        "generalAndAdministrativeExpenses": 1593000000,
        "sellingAndMarketingExpenses": 2377000000,
        "otherExpenses": 31000000,
        "operatingExpenses": 6783000000,
        "costAndExpenses": 13704000000,
        "interestExpense": 25000000,
        "depreciationAndAmortization": 1267000000,
        "ebitda": 5666000000,
        "ebitdaratio": 0.31298679776832566,
        "operatingIncome": 4399000000,
        "operatingIncomeRatio": 0.2429983980555709,
        "totalOtherIncomeExpensesNet": -69000000,
        "incomeBeforeTax": 4527000000,
        "incomeBeforeTaxRatio": 0.2500690493288405,
        "incomeTaxExpense": 737000000,
        "netIncome": 4757000000,
        "netIncomeRatio": 0.26277412583549686,
        "eps": 7.01,
        "epsdiluted": 6.91,
        "weightedAverageShsOut": 678943000,
        "weightedAverageShsOutDil": 688491000,
        "link": "",
        "finalLink": ""
    },
    {
        "date": "2014-09-30",
        "symbol": "GOOG",
        "reportedCurrency": "USD",
        "fillingDate": "2014-09-30",
        "acceptedDate": "2014-09-30",
        "period": "Q3",
        "revenue": 16523000000,
        "costOfRevenue": 6695000000,
        "grossProfit": 9828000000,
        "grossProfitRatio": 0.5948072383949646,
        "researchAndDevelopmentExpenses": 2655000000,
        "generalAndAdministrativeExpenses": 1365000000,
        "sellingAndMarketingExpenses": 2084000000,
        "otherExpenses": 19000000,
        "operatingExpenses": 6104000000,
        "costAndExpenses": 12799000000,
        "interestExpense": 25000000,
        "depreciationAndAmortization": 1547000000,
        "ebitda": 5271000000,
        "ebitdaratio": 0.3190098650366156,
        "operatingIncome": 3724000000,
        "operatingIncomeRatio": 0.22538279973370454,
        "totalOtherIncomeExpensesNet": -29000000,
        "incomeBeforeTax": 3857000000,
        "incomeBeforeTaxRatio": 0.23343218543847968,
        "incomeTaxExpense": 859000000,
        "netIncome": 2813000000,
        "netIncomeRatio": 0.17024753374084609,
        "eps": 4.15,
        "epsdiluted": 4.09,
        "weightedAverageShsOut": 677097000,
        "weightedAverageShsOutDil": 688215000,
        "link": "",
        "finalLink": ""
    },
    {
        "date": "2014-06-30",
        "symbol": "GOOG",
        "reportedCurrency": "USD",
        "fillingDate": "2014-06-30",
        "acceptedDate": "2014-06-30",
        "period": "Q2",
        "revenue": 15955000000,
        "costOfRevenue": 6114000000,
        "grossProfit": 9841000000,
        "grossProfitRatio": 0.6167972422438107,
        "researchAndDevelopmentExpenses": 2238000000,
        "generalAndAdministrativeExpenses": 1404000000,
        "sellingAndMarketingExpenses": 1941000000,
        "otherExpenses": 4000000.0,
        "operatingExpenses": 5583000000,
        "costAndExpenses": 11697000000,
        "interestExpense": 27000000,
        "depreciationAndAmortization": 1079000000,
        "ebitda": 5337000000,
        "ebitdaratio": 0.334503290504544,
        "operatingIncome": 4258000000,
        "operatingIncomeRatio": 0.26687558759009716,
        "totalOtherIncomeExpensesNet": 3000000.0,
        "incomeBeforeTax": 4403000000,
        "incomeBeforeTaxRatio": 0.2759636477593231,
        "incomeTaxExpense": 913000000,
        "netIncome": 3422000000,
        "netIncomeRatio": 0.21447821999373237,
        "eps": 5.07,
        "epsdiluted": 4.99,
        "weightedAverageShsOut": 675115000,
        "weightedAverageShsOutDil": 686363000,
        "link": "",
        "finalLink": ""
    },
    {
        "date": "2014-03-31",
        "symbol": "GOOG",
        "reportedCurrency": "USD",
        "fillingDate": "2014-03-31",
        "acceptedDate": "2014-03-31",
        "period": "Q1",
        "revenue": 15420000000,
        "costOfRevenue": 5961000000,
        "grossProfit": 9459000000,
        "grossProfitRatio": 0.6134241245136187,
        "researchAndDevelopmentExpenses": 2126000000,
        "generalAndAdministrativeExpenses": 1489000000,
        "sellingAndMarketingExpenses": 1729000000,
        "otherExpenses": 28000000,
        "operatingExpenses": 5344000000,
        "costAndExpenses": 11305000000,
        "interestExpense": 24000000,
        "depreciationAndAmortization": 1086000000,
        "ebitda": 5201000000,
        "ebitdaratio": 0.3372892347600519,
        "operatingIncome": 4115000000,
        "operatingIncomeRatio": 0.26686121919584954,
        "totalOtherIncomeExpensesNet": 213000000,
        "incomeBeforeTax": 4472000000,
        "incomeBeforeTaxRatio": 0.2900129701686122,
        "incomeTaxExpense": 822000000,
        "netIncome": 3452000000,
        "netIncomeRatio": 0.2238651102464332,
        "eps": 5.134971,
        "epsdiluted": 5.044883,
        "weightedAverageShsOut": 671935935,
        "weightedAverageShsOutDil": 684548714,
        "link": "",
        "finalLink": ""
    },
    {
        "date": "2013-12-31",
        "symbol": "GOOG",
        "reportedCurrency": "USD",
        "fillingDate": "2013-12-31",
        "acceptedDate": "2013-12-31",
        "period": "Q4",
        "revenue": 16858000000,
        "costOfRevenue": 7438000000,
        "grossProfit": 9420000000,
        "grossProfitRatio": 0.5587851465179736,
        "researchAndDevelopmentExpenses": 2111000000,
        "generalAndAdministrativeExpenses": 1261000000,
        "sellingAndMarketingExpenses": 2126000000,
        "otherExpenses": 16000000,
        "operatingExpenses": 5498000000,
        "costAndExpenses": 12936000000,
        "interestExpense": 21000000,
        "depreciationAndAmortization": 1036000000,
        "ebitda": 4958000000,
        "ebitdaratio": 0.2941036896428995,
        "operatingIncome": 3922000000,
        "operatingIncomeRatio": 0.23264918732945783,
        "totalOtherIncomeExpensesNet": -69000000,
        "incomeBeforeTax": 4047000000,
        "incomeBeforeTaxRatio": 0.24006406453909124,
        "incomeTaxExpense": 666000000,
        "netIncome": 3376000000,
        "netIncomeRatio": 0.2002610036777791,
        "eps": 5.044883,
        "epsdiluted": 4.954796,
        "weightedAverageShsOut": 669023757,
        "weightedAverageShsOutDil": 681345818,
        "link": "",
        "finalLink": ""
    },
    {
        "date": "2013-09-30",
        "symbol": "GOOG",
        "reportedCurrency": "USD",
        "fillingDate": "2013-09-30",
        "acceptedDate": "2013-09-30",
        "period": "Q3",
        "revenue": 14893000000,
        "costOfRevenue": 6413000000,
        "grossProfit": 8480000000,
        "grossProfitRatio": 0.5693950177935944,
        "researchAndDevelopmentExpenses": 2017000000,
        "generalAndAdministrativeExpenses": 1213000000,
        "sellingAndMarketingExpenses": 1806000000,
        "otherExpenses": 24000000,
        "operatingExpenses": 5036000000,
        "costAndExpenses": 11449000000,
        "interestExpense": 22000000,
        "depreciationAndAmortization": 974000000,
        "ebitda": 4418000000,
        "ebitdaratio": 0.2966494326193514,
        "operatingIncome": 3444000000,
        "operatingIncomeRatio": 0.23124958033975693,
        "totalOtherIncomeExpensesNet": -155000000,
        "incomeBeforeTax": 3468000000,
        "incomeBeforeTaxRatio": 0.23286107567313502,
        "incomeTaxExpense": 513000000,
        "netIncome": 2970000000,
        "netIncomeRatio": 0.1994225475055395,
        "eps": 4.454312,
        "epsdiluted": 4.379239,
        "weightedAverageShsOut": 666586119,
        "weightedAverageShsOutDil": 677813241,
        "link": "",
        "finalLink": ""
    },
    {
        "date": "2013-06-30",
        "symbol": "GOOG",
        "reportedCurrency": "USD",
        "fillingDate": "2013-06-30",
        "acceptedDate": "2013-06-30",
        "period": "Q2",
        "revenue": 14105000000,
        "costOfRevenue": 6063000000,
        "grossProfit": 8042000000,
        "grossProfitRatio": 0.5701524282169443,
        "researchAndDevelopmentExpenses": 1987000000,
        "generalAndAdministrativeExpenses": 1197000000,
        "sellingAndMarketingExpenses": 1735000000,
        "otherExpenses": 15000000,
        "operatingExpenses": 4919000000,
        "costAndExpenses": 10982000000,
        "interestExpense": 19000000,
        "depreciationAndAmortization": 1030000000,
        "ebitda": 4153000000,
        "ebitdaratio": 0.2944345976604041,
        "operatingIncome": 3123000000,
        "operatingIncomeRatio": 0.22141084721729884,
        "totalOtherIncomeExpensesNet": 80000000,
        "incomeBeforeTax": 3370000000,
        "incomeBeforeTaxRatio": 0.238922367954626,
        "incomeTaxExpense": 816000000,
        "netIncome": 3228000000,
        "netIncomeRatio": 0.22885501595179014,
        "eps": 4.859704,
        "epsdiluted": 4.774622,
        "weightedAverageShsOut": 664316318,
        "weightedAverageShsOutDil": 676018979,
        "link": "",
        "finalLink": ""
    },
    {
        "date": "2013-03-31",
        "symbol": "GOOG",
        "reportedCurrency": "USD",
        "fillingDate": "2013-03-31",
        "acceptedDate": "2013-03-31",
        "period": "Q1",
        "revenue": 13969000000,
        "costOfRevenue": 5944000000,
        "grossProfit": 8025000000,
        "grossProfitRatio": 0.574486362660176,
        "researchAndDevelopmentExpenses": 1837000000,
        "generalAndAdministrativeExpenses": 1125000000,
        "sellingAndMarketingExpenses": 1586000000,
        "otherExpenses": -18000000,
        "operatingExpenses": 4548000000,
        "costAndExpenses": 10492000000,
        "interestExpense": 21000000,
        "depreciationAndAmortization": 899000000,
        "ebitda": 4376000000,
        "ebitdaratio": 0.3132650869783091,
        "operatingIncome": 3477000000,
        "operatingIncomeRatio": 0.24890829694323144,
        "totalOtherIncomeExpensesNet": -28000000,
        "incomeBeforeTax": 3611000000,
        "incomeBeforeTaxRatio": 0.2585009664256568,
        "incomeTaxExpense": 287000000,
        "netIncome": 3346000000,
        "netIncomeRatio": 0.2395303887178753,
        "eps": 5.069908,
        "epsdiluted": 4.974816,
        "weightedAverageShsOut": 660268241,
        "weightedAverageShsOutDil": 672674220,
        "link": "",
        "finalLink": ""
    },
    {
        "date": "2012-12-31",
        "symbol": "GOOG",
        "reportedCurrency": "USD",
        "fillingDate": "2012-12-31",
        "acceptedDate": "2012-12-31",
        "period": "Q4",
        "revenue": 13215000000,
        "costOfRevenue": 5278000000,
        "grossProfit": 7937000000,
        "grossProfitRatio": 0.6006053726825576,
        "researchAndDevelopmentExpenses": 1758000000,
        "generalAndAdministrativeExpenses": 1066000000,
        "sellingAndMarketingExpenses": 1681000000,
        "otherExpenses": 152000000,
        "operatingExpenses": 4505000000,
        "costAndExpenses": 9783000000,
        "interestExpense": 21000000,
        "depreciationAndAmortization": 953000000,
        "ebitda": 4385000000,
        "ebitdaratio": 0.3318199016269391,
        "operatingIncome": 3432000000,
        "operatingIncomeRatio": 0.2597048808172531,
        "totalOtherIncomeExpensesNet": -5000000.0,
        "incomeBeforeTax": 3585000000,
        "incomeBeforeTaxRatio": 0.27128263337116915,
        "incomeTaxExpense": 648000000,
        "netIncome": 2886000000,
        "netIncomeRatio": 0.21838819523269012,
        "eps": 4.389249,
        "epsdiluted": 4.314176,
        "weightedAverageShsOut": 658088353,
        "weightedAverageShsOutDil": 669305484,
        "link": "",
        "finalLink": ""
    },
    {
        "date": "2012-09-30",
        "symbol": "GOOG",
        "reportedCurrency": "USD",
        "fillingDate": "2012-09-30",
        "acceptedDate": "2012-09-30",
        "period": "Q3",
        "revenue": 14101000000,
        "costOfRevenue": 6554000000,
        "grossProfit": 7547000000,
        "grossProfitRatio": 0.5352102687752641,
        "researchAndDevelopmentExpenses": 2009000000,
        "generalAndAdministrativeExpenses": 1042000000,
        "sellingAndMarketingExpenses": 1760000000,
        "otherExpenses": 0.0,
        "operatingExpenses": 4811000000,
        "costAndExpenses": 11365000000,
        "interestExpense": 21000000,
        "depreciationAndAmortization": 828000000,
        "ebitda": 3564000000,
        "ebitdaratio": 0.2527480320544642,
        "operatingIncome": 2736000000,
        "operatingIncomeRatio": 0.19402879228423517,
        "totalOtherIncomeExpensesNet": -88000000,
        "incomeBeforeTax": 2799000000,
        "incomeBeforeTaxRatio": 0.19849656052762216,
        "incomeTaxExpense": 623000000,
        "netIncome": 2176000000,
        "netIncomeRatio": 0.1543152967874619,
        "eps": 3.323217,
        "epsdiluted": 3.268164,
        "weightedAverageShsOut": 654935408,
        "weightedAverageShsOutDil": 665982704,
        "link": "",
        "finalLink": ""
    },
    {
        "date": "2012-06-30",
        "symbol": "GOOG",
        "reportedCurrency": "USD",
        "fillingDate": "2012-06-30",
        "acceptedDate": "2012-06-30",
        "period": "Q2",
        "revenue": 12214000000,
        "costOfRevenue": 5013000000,
        "grossProfit": 7201000000,
        "grossProfitRatio": 0.5895693466513836,
        "researchAndDevelopmentExpenses": 1585000000,
        "generalAndAdministrativeExpenses": 980000000,
        "sellingAndMarketingExpenses": 1433000000,
        "otherExpenses": 0.0,
        "operatingExpenses": 3998000000,
        "costAndExpenses": 9011000000,
        "interestExpense": 22000000,
        "depreciationAndAmortization": 670000000,
        "ebitda": 3873000000,
        "ebitdaratio": 0.3170951367283445,
        "operatingIncome": 3203000000,
        "operatingIncomeRatio": 0.26224005239888654,
        "totalOtherIncomeExpensesNet": 96000000,
        "incomeBeforeTax": 3457000000,
        "incomeBeforeTaxRatio": 0.28303586048796464,
        "incomeTaxExpense": 672000000,
        "netIncome": 2785000000,
        "netIncomeRatio": 0.22801702963812018,
        "eps": 4.274137,
        "epsdiluted": 4.214079,
        "weightedAverageShsOut": 651912337,
        "weightedAverageShsOutDil": 660945584,
        "link": "",
        "finalLink": ""
    },
    {
        "date": "2012-03-31",
        "symbol": "GOOG",
        "reportedCurrency": "USD",
        "fillingDate": "2012-03-31",
        "acceptedDate": "2012-03-31",
        "period": "Q1",
        "revenue": 10645000000,
        "costOfRevenue": 3789000000,
        "grossProfit": 6856000000,
        "grossProfitRatio": 0.6440582433067168,
        "researchAndDevelopmentExpenses": 1441000000,
        "generalAndAdministrativeExpenses": 757000000,
        "sellingAndMarketingExpenses": 1269000000,
        "otherExpenses": 0.0,
        "operatingExpenses": 3467000000,
        "costAndExpenses": 7256000000,
        "interestExpense": 20000000,
        "depreciationAndAmortization": 511000000,
        "ebitda": 3900000000,
        "ebitdaratio": 0.3663691874119305,
        "operatingIncome": 3389000000,
        "operatingIncomeRatio": 0.3183654297792391,
        "totalOtherIncomeExpensesNet": -6000000.0,
        "incomeBeforeTax": 3545000000,
        "incomeBeforeTaxRatio": 0.3330201972757163,
        "incomeTaxExpense": 655000000,
        "netIncome": 2890000000,
        "netIncomeRatio": 0.271488961953969,
        "eps": 4.444302,
        "epsdiluted": 4.379239,
        "weightedAverageShsOut": 649968221,
        "weightedAverageShsOutDil": 659632856,
        "link": "",
        "finalLink": ""
    },
    {
        "date": "2011-12-31",
        "symbol": "GOOG",
        "reportedCurrency": "USD",
        "fillingDate": "2011-12-31",
        "acceptedDate": "2011-12-31",
        "period": "Q4",
        "revenue": 10583000000,
        "costOfRevenue": 3703000000,
        "grossProfit": 6880000000,
        "grossProfitRatio": 0.6500992157233298,
        "researchAndDevelopmentExpenses": 1301000000,
        "generalAndAdministrativeExpenses": 1305000000,
        "sellingAndMarketingExpenses": 1267000000,
        "otherExpenses": 0.0,
        "operatingExpenses": 3373000000,
        "costAndExpenses": 7076000000,
        "interestExpense": 20000000,
        "depreciationAndAmortization": 503000000,
        "ebitda": 4010000000,
        "ebitdaratio": 0.37890957195502223,
        "operatingIncome": 3507000000,
        "operatingIncomeRatio": 0.3313805159217613,
        "totalOtherIncomeExpensesNet": -197000000,
        "incomeBeforeTax": 3489000000,
        "incomeBeforeTaxRatio": 0.32967967495039213,
        "incomeTaxExpense": 785000000,
        "netIncome": 2704000000,
        "netIncomeRatio": 0.2555041103656808,
        "eps": 4.187804632489703,
        "epsdiluted": 4.187804632489703,
        "weightedAverageShsOut": 645684371,
        "weightedAverageShsOutDil": 645684371,
        "link": "",
        "finalLink": ""
    },
    {
        "date": "2011-09-30",
        "symbol": "GOOG",
        "reportedCurrency": "USD",
        "fillingDate": "2011-09-30",
        "acceptedDate": "2011-09-30",
        "period": "Q3",
        "revenue": 9720000000,
        "costOfRevenue": 3378000000,
        "grossProfit": 6342000000,
        "grossProfitRatio": 0.6524691358024691,
        "researchAndDevelopmentExpenses": 1404000000,
        "generalAndAdministrativeExpenses": 676000000,
        "sellingAndMarketingExpenses": 1204000000,
        "otherExpenses": 0.0,
        "operatingExpenses": 3284000000,
        "costAndExpenses": 6662000000,
        "interestExpense": 21000000,
        "depreciationAndAmortization": 492000000,
        "ebitda": 3550000000,
        "ebitdaratio": 0.36522633744855965,
        "operatingIncome": 3058000000,
        "operatingIncomeRatio": 0.3146090534979424,
        "totalOtherIncomeExpensesNet": 112000000,
        "incomeBeforeTax": 3360000000,
        "incomeBeforeTaxRatio": 0.345679012345679,
        "incomeTaxExpense": 631000000,
        "netIncome": 2729000000,
        "netIncomeRatio": 0.280761316872428,
        "eps": 4.224089,
        "epsdiluted": 4.169036,
        "weightedAverageShsOut": 645684371,
        "weightedAverageShsOutDil": 654244078,
        "link": "",
        "finalLink": ""
    },
    {
        "date": "2011-06-30",
        "symbol": "GOOG",
        "reportedCurrency": "USD",
        "fillingDate": "2011-06-30",
        "acceptedDate": "2011-06-30",
        "period": "Q2",
        "revenue": 9026000000,
        "costOfRevenue": 3172000000,
        "grossProfit": 5854000000,
        "grossProfitRatio": 0.6485707954797253,
        "researchAndDevelopmentExpenses": 1234000000,
        "generalAndAdministrativeExpenses": 648000000,
        "sellingAndMarketingExpenses": 1091000000,
        "otherExpenses": 0.0,
        "operatingExpenses": 2973000000,
        "costAndExpenses": 6145000000,
        "interestExpense": 0.0,
        "depreciationAndAmortization": 455000000,
        "ebitda": 3336000000,
        "ebitdaratio": 0.3695989364059384,
        "operatingIncome": 2881000000,
        "operatingIncomeRatio": 0.31918900952803014,
        "totalOtherIncomeExpensesNet": -8000000.0,
        "incomeBeforeTax": 3085000000,
        "incomeBeforeTaxRatio": 0.3417903833370264,
        "incomeTaxExpense": 580000000,
        "netIncome": 2505000000,
        "netIncomeRatio": 0.27753157544870377,
        "eps": 3.888764,
        "epsdiluted": 3.843721,
        "weightedAverageShsOut": 643832166,
        "weightedAverageShsOutDil": 651440794,
        "link": "",
        "finalLink": ""
    },
    {
        "date": "2011-03-31",
        "symbol": "GOOG",
        "reportedCurrency": "USD",
        "fillingDate": "2011-03-31",
        "acceptedDate": "2011-03-31",
        "period": "Q1",
        "revenue": 8575000000,
        "costOfRevenue": 2936000000,
        "grossProfit": 5639000000,
        "grossProfitRatio": 0.6576093294460641,
        "researchAndDevelopmentExpenses": 1226000000,
        "generalAndAdministrativeExpenses": 591000000,
        "sellingAndMarketingExpenses": 1026000000,
        "otherExpenses": 0.0,
        "operatingExpenses": 3343000000,
        "costAndExpenses": 6279000000,
        "interestExpense": 0.0,
        "depreciationAndAmortization": 401000000,
        "ebitda": 2697000000,
        "ebitdaratio": 0.31451895043731776,
        "operatingIncome": 2296000000,
        "operatingIncomeRatio": 0.2677551020408163,
        "totalOtherIncomeExpensesNet": -94000000,
        "incomeBeforeTax": 2392000000,
        "incomeBeforeTaxRatio": 0.27895043731778424,
        "incomeTaxExpense": 594000000,
        "netIncome": 1798000000,
        "netIncomeRatio": 0.2096793002915452,
        "eps": 2.797708,
        "epsdiluted": 2.757669,
        "weightedAverageShsOut": 642431523,
        "weightedAverageShsOutDil": 652134122,
        "link": "",
        "finalLink": ""
    },
    {
        "date": "2010-12-31",
        "symbol": "GOOG",
        "reportedCurrency": "USD",
        "fillingDate": "2010-12-31",
        "acceptedDate": "2010-12-31",
        "period": "Q4",
        "revenue": 8440000000,
        "costOfRevenue": 2946000000,
        "grossProfit": 5494000000,
        "grossProfitRatio": 0.6509478672985782,
        "researchAndDevelopmentExpenses": 1051000000,
        "generalAndAdministrativeExpenses": 559000000,
        "sellingAndMarketingExpenses": 902000000,
        "otherExpenses": 0.0,
        "operatingExpenses": 2512000000,
        "costAndExpenses": 5458000000,
        "interestExpense": 0.0,
        "depreciationAndAmortization": 381000000,
        "ebitda": 3363000000,
        "ebitdaratio": 0.3984597156398104,
        "operatingIncome": 2982000000,
        "operatingIncomeRatio": 0.3533175355450237,
        "totalOtherIncomeExpensesNet": -16000000,
        "incomeBeforeTax": 3142000000,
        "incomeBeforeTaxRatio": 0.37227488151658766,
        "incomeTaxExpense": 599000000,
        "netIncome": 2543000000,
        "netIncomeRatio": 0.301303317535545,
        "eps": 3.978852,
        "epsdiluted": 3.908784,
        "weightedAverageShsOut": 639272584,
        "weightedAverageShsOutDil": 650441762,
        "link": "",
        "finalLink": ""
    },
    {
        "date": "2010-09-30",
        "symbol": "GOOG",
        "reportedCurrency": "USD",
        "fillingDate": "2010-09-30",
        "acceptedDate": "2010-09-30",
        "period": "Q3",
        "revenue": 7286000000,
        "costOfRevenue": 2552000000,
        "grossProfit": 4734000000,
        "grossProfitRatio": 0.6497392259127093,
        "researchAndDevelopmentExpenses": 994000000,
        "generalAndAdministrativeExpenses": 532000000,
        "sellingAndMarketingExpenses": 661000000,
        "otherExpenses": 0.0,
        "operatingExpenses": 2187000000,
        "costAndExpenses": 4739000000,
        "interestExpense": 0.0,
        "depreciationAndAmortization": 342000000,
        "ebitda": 2889000000,
        "ebitdaratio": 0.39651386220148227,
        "operatingIncome": 2547000000,
        "operatingIncomeRatio": 0.34957452648915727,
        "totalOtherIncomeExpensesNet": -5000000.0,
        "incomeBeforeTax": 2714000000,
        "incomeBeforeTaxRatio": 0.37249519626681304,
        "incomeTaxExpense": 547000000,
        "netIncome": 2167000000,
        "netIncomeRatio": 0.2974197090310184,
        "eps": 3.403294,
        "epsdiluted": 3.363256,
        "weightedAverageShsOut": 636617157,
        "weightedAverageShsOutDil": 644129878,
        "link": "",
        "finalLink": ""
    },
    {
        "date": "2010-06-30",
        "symbol": "GOOG",
        "reportedCurrency": "USD",
        "fillingDate": "2010-06-30",
        "acceptedDate": "2010-06-30",
        "period": "Q2",
        "revenue": 6820000000,
        "costOfRevenue": 2467000000,
        "grossProfit": 4353000000,
        "grossProfitRatio": 0.6382697947214077,
        "researchAndDevelopmentExpenses": 898000000,
        "generalAndAdministrativeExpenses": 461000000,
        "sellingAndMarketingExpenses": 629000000,
        "otherExpenses": 0.0,
        "operatingExpenses": 1988000000,
        "costAndExpenses": 4455000000,
        "interestExpense": 0.0,
        "depreciationAndAmortization": 342000000,
        "ebitda": 2707000000,
        "ebitdaratio": 0.3969208211143695,
        "operatingIncome": 2365000000,
        "operatingIncomeRatio": 0.3467741935483871,
        "totalOtherIncomeExpensesNet": -67000000,
        "incomeBeforeTax": 2434000000,
        "incomeBeforeTaxRatio": 0.356891495601173,
        "incomeTaxExpense": 594000000,
        "netIncome": 1840000000,
        "netIncomeRatio": 0.2697947214076246,
        "eps": 2.8928,
        "epsdiluted": 2.857766,
        "weightedAverageShsOut": 636083674,
        "weightedAverageShsOutDil": 644347667,
        "link": "",
        "finalLink": ""
    },
    {
        "date": "2010-03-31",
        "symbol": "GOOG",
        "reportedCurrency": "USD",
        "fillingDate": "2010-03-31",
        "acceptedDate": "2010-03-31",
        "period": "Q1",
        "revenue": 6775000000,
        "costOfRevenue": 2452000000,
        "grossProfit": 4323000000,
        "grossProfitRatio": 0.6380811808118081,
        "researchAndDevelopmentExpenses": 818000000,
        "generalAndAdministrativeExpenses": 410000000,
        "sellingAndMarketingExpenses": 607000000,
        "otherExpenses": 0.0,
        "operatingExpenses": 1835000000,
        "costAndExpenses": 4287000000,
        "interestExpense": 0.0,
        "depreciationAndAmortization": 331000000,
        "ebitda": 2819000000,
        "ebitdaratio": 0.41608856088560886,
        "operatingIncome": 2488000000,
        "operatingIncomeRatio": 0.3672324723247232,
        "totalOtherIncomeExpensesNet": -77000000,
        "incomeBeforeTax": 2506000000,
        "incomeBeforeTaxRatio": 0.36988929889298894,
        "incomeTaxExpense": 551000000,
        "netIncome": 1955000000,
        "netIncomeRatio": 0.28856088560885607,
        "eps": 3.077979,
        "epsdiluted": 3.032936,
        "weightedAverageShsOut": 635174555,
        "weightedAverageShsOutDil": 644591430,
        "link": "",
        "finalLink": ""
    },
    {
        "date": "2009-12-31",
        "symbol": "GOOG",
        "reportedCurrency": "USD",
        "fillingDate": "2009-12-31",
        "acceptedDate": "2009-12-31",
        "period": "Q4",
        "revenue": 6673825000,
        "costOfRevenue": 2408400000,
        "grossProfit": 4265425000,
        "grossProfitRatio": 0.639127486860983,
        "researchAndDevelopmentExpenses": 736234000,
        "generalAndAdministrativeExpenses": 465059000,
        "sellingAndMarketingExpenses": 583149000,
        "otherExpenses": 0.0,
        "operatingExpenses": 1784442000,
        "costAndExpenses": 4192842000,
        "interestExpense": 0.0,
        "depreciationAndAmortization": 365506000,
        "ebitda": 2846489000,
        "ebitdaratio": 0.42651537911167886,
        "operatingIncome": 2480983000,
        "operatingIncomeRatio": 0.37174828527868203,
        "totalOtherIncomeExpensesNet": 20826000,
        "incomeBeforeTax": 2568671000,
        "incomeBeforeTaxRatio": 0.3848873771787543,
        "incomeTaxExpense": 594571000,
        "netIncome": 1974100000,
        "netIncomeRatio": 0.2957973875551127,
        "eps": 0.0,
        "epsdiluted": 0.0,
        "weightedAverageShsOut": 0.0,
        "weightedAverageShsOutDil": 0.0,
        "link": "",
        "finalLink": ""
    },
    {
        "date": "2009-09-30",
        "symbol": "GOOG",
        "reportedCurrency": "USD",
        "fillingDate": "2009-09-30",
        "acceptedDate": "2009-09-30",
        "period": "Q3",
        "revenue": 5944851000,
        "costOfRevenue": 2226240000,
        "grossProfit": 3718611000,
        "grossProfitRatio": 0.625517948221074,
        "researchAndDevelopmentExpenses": 757524000,
        "generalAndAdministrativeExpenses": 389557000,
        "sellingAndMarketingExpenses": 497812000,
        "otherExpenses": 0.0,
        "operatingExpenses": 1644893000,
        "costAndExpenses": 3871133000,
        "interestExpense": 0.0,
        "depreciationAndAmortization": 378623000,
        "ebitda": 2452341000,
        "ebitdaratio": 0.4125151328435313,
        "operatingIncome": 2073718000,
        "operatingIncomeRatio": 0.34882589992583496,
        "totalOtherIncomeExpensesNet": -53879000,
        "incomeBeforeTax": 2066541000,
        "incomeBeforeTaxRatio": 0.3476186366992209,
        "incomeTaxExpense": 427566000,
        "netIncome": 1638975000,
        "netIncomeRatio": 0.27569656497698597,
        "eps": 2.59251,
        "epsdiluted": 2.567485,
        "weightedAverageShsOut": 632381261,
        "weightedAverageShsOutDil": 638872971,
        "link": "",
        "finalLink": ""
    },
    {
        "date": "2009-06-30",
        "symbol": "GOOG",
        "reportedCurrency": "USD",
        "fillingDate": "2009-06-30",
        "acceptedDate": "2009-06-30",
        "period": "Q2",
        "revenue": 5522897000,
        "costOfRevenue": 2107971000,
        "grossProfit": 3414926000,
        "grossProfitRatio": 0.6183215077159686,
        "researchAndDevelopmentExpenses": 707626000,
        "generalAndAdministrativeExpenses": 364367000,
        "sellingAndMarketingExpenses": 469039000,
        "otherExpenses": 0.0,
        "operatingExpenses": 1541032000,
        "costAndExpenses": 3649003000,
        "interestExpense": 0.0,
        "depreciationAndAmortization": 376957000,
        "ebitda": 2250851000,
        "ebitdaratio": 0.4075489729393831,
        "operatingIncome": 1873894000,
        "operatingIncomeRatio": 0.3392954820631274,
        "totalOtherIncomeExpensesNet": -26767000,
        "incomeBeforeTax": 1856176000,
        "incomeBeforeTaxRatio": 0.3360873831251968,
        "incomeTaxExpense": 371631000,
        "netIncome": 1484545000,
        "netIncomeRatio": 0.2687982412128997,
        "eps": 2.352277,
        "epsdiluted": 2.332258,
        "weightedAverageShsOut": 631190415,
        "weightedAverageShsOutDil": 636455314,
        "link": "",
        "finalLink": ""
    },
    {
        "date": "2009-03-31",
        "symbol": "GOOG",
        "reportedCurrency": "USD",
        "fillingDate": "2009-03-31",
        "acceptedDate": "2009-03-31",
        "period": "Q1",
        "revenue": 5508990000,
        "costOfRevenue": 2101504000,
        "grossProfit": 3407486000,
        "grossProfitRatio": 0.6185318906006364,
        "researchAndDevelopmentExpenses": 641643000,
        "generalAndAdministrativeExpenses": 448311000,
        "sellingAndMarketingExpenses": 433941000,
        "otherExpenses": 0.0,
        "operatingExpenses": 1523895000,
        "costAndExpenses": 3625399000,
        "interestExpense": 0.0,
        "depreciationAndAmortization": 403222000,
        "ebitda": 2286813000,
        "ebitdaratio": 0.4151056727276688,
        "operatingIncome": 1883591000,
        "operatingIncomeRatio": 0.3419122198442909,
        "totalOtherIncomeExpensesNet": -59882000,
        "incomeBeforeTax": 1889801000,
        "incomeBeforeTaxRatio": 0.34303946821468184,
        "incomeTaxExpense": 466973000,
        "netIncome": 1422828000,
        "netIncomeRatio": 0.2582738396693405,
        "eps": 2.257185,
        "epsdiluted": 2.247175,
        "weightedAverageShsOut": 629893672,
        "weightedAverageShsOutDil": 633827860,
        "link": "",
        "finalLink": ""
    },
    {
        "date": "2008-12-31",
        "symbol": "GOOG",
        "reportedCurrency": "USD",
        "fillingDate": "2008-12-31",
        "acceptedDate": "2008-12-31",
        "period": "Q4",
        "revenue": 5700904000,
        "costOfRevenue": 2190005000,
        "grossProfit": 3510899000,
        "grossProfitRatio": 0.6158495214092361,
        "researchAndDevelopmentExpenses": 733341000,
        "generalAndAdministrativeExpenses": 411361000,
        "sellingAndMarketingExpenses": 505992000,
        "otherExpenses": 0.0,
        "operatingExpenses": 1650694000,
        "costAndExpenses": 3840699000,
        "interestExpense": 0.0,
        "depreciationAndAmortization": 385510000,
        "ebitda": 2245715000,
        "ebitdaratio": 0.39392261297506503,
        "operatingIncome": 1860205000,
        "operatingIncomeRatio": 0.32630000435018724,
        "totalOtherIncomeExpensesNet": -1113305000,
        "incomeBeforeTax": 835347000,
        "incomeBeforeTaxRatio": 0.14652886629909923,
        "incomeTaxExpense": 452905000,
        "netIncome": 382442000,
        "netIncomeRatio": 0.0670844483611722,
        "eps": 0.6091066455667308,
        "epsdiluted": 0.6091066455667308,
        "weightedAverageShsOut": 627873629,
        "weightedAverageShsOutDil": 627873629,
        "link": "",
        "finalLink": ""
    },
    {
        "date": "2008-09-30",
        "symbol": "GOOG",
        "reportedCurrency": "USD",
        "fillingDate": "2008-09-30",
        "acceptedDate": "2008-09-30",
        "period": "Q3",
        "revenue": 5541391000,
        "costOfRevenue": 2173390000,
        "grossProfit": 3368001000,
        "grossProfitRatio": 0.6077898130631821,
        "researchAndDevelopmentExpenses": 704571000,
        "generalAndAdministrativeExpenses": 507064000,
        "sellingAndMarketingExpenses": 508801000,
        "otherExpenses": 0.0,
        "operatingExpenses": 1720436000,
        "costAndExpenses": 3893826000,
        "interestExpense": 0.0,
        "depreciationAndAmortization": 386246000,
        "ebitda": 2033811000,
        "ebitdaratio": 0.36702174598399573,
        "operatingIncome": 1647565000,
        "operatingIncomeRatio": 0.29731975238708114,
        "totalOtherIncomeExpensesNet": -69779000,
        "incomeBeforeTax": 1668782000,
        "incomeBeforeTaxRatio": 0.301148574428334,
        "incomeTaxExpense": 378844000,
        "netIncome": 1289938000,
        "netIncomeRatio": 0.23278234652635052,
        "eps": 2.051986,
        "epsdiluted": 2.031967,
        "weightedAverageShsOut": 627873629,
        "weightedAverageShsOutDil": 634936785,
        "link": "",
        "finalLink": ""
    },
    {
        "date": "2008-06-30",
        "symbol": "GOOG",
        "reportedCurrency": "USD",
        "fillingDate": "2008-06-30",
        "acceptedDate": "2008-06-30",
        "period": "Q2",
        "revenue": 5367212000,
        "costOfRevenue": 2147575000,
        "grossProfit": 3219637000,
        "grossProfitRatio": 0.5998714043715806,
        "researchAndDevelopmentExpenses": 682210000,
        "generalAndAdministrativeExpenses": 474910000,
        "sellingAndMarketingExpenses": 484552000,
        "otherExpenses": 0.0,
        "operatingExpenses": 1641672000,
        "costAndExpenses": 3789247000,
        "interestExpense": 0.0,
        "depreciationAndAmortization": 391607000,
        "ebitda": 1969572000,
        "ebitdaratio": 0.36696370480614515,
        "operatingIncome": 1577965000,
        "operatingIncomeRatio": 0.2940008704705534,
        "totalOtherIncomeExpensesNet": -30163000,
        "incomeBeforeTax": 1635888000,
        "incomeBeforeTaxRatio": 0.3047928794316304,
        "incomeTaxExpense": 388497000,
        "netIncome": 1247391000,
        "netIncomeRatio": 0.23240948932145777,
        "eps": 1.986923,
        "epsdiluted": 1.961899,
        "weightedAverageShsOut": 627026450,
        "weightedAverageShsOutDil": 635430307,
        "link": "",
        "finalLink": ""
    },
    {
        "date": "2008-03-31",
        "symbol": "GOOG",
        "reportedCurrency": "USD",
        "fillingDate": "2008-03-31",
        "acceptedDate": "2008-03-31",
        "period": "Q1",
        "revenue": 5186043000,
        "costOfRevenue": 2110536000,
        "grossProfit": 3075507000,
        "grossProfitRatio": 0.5930353836248562,
        "researchAndDevelopmentExpenses": 673069000,
        "generalAndAdministrativeExpenses": 409305000,
        "sellingAndMarketingExpenses": 446898000,
        "otherExpenses": 0.0,
        "operatingExpenses": 1529272000,
        "costAndExpenses": 3639808000,
        "interestExpense": 387000.0,
        "depreciationAndAmortization": 336524000,
        "ebitda": 1882759000,
        "ebitdaratio": 0.3630434610742718,
        "operatingIncome": 1546235000,
        "operatingIncomeRatio": 0.2981531391081794,
        "totalOtherIncomeExpensesNet": 45727000,
        "incomeBeforeTax": 1713578000,
        "incomeBeforeTaxRatio": 0.33042109369320694,
        "incomeTaxExpense": 406492000,
        "netIncome": 1307086000,
        "netIncomeRatio": 0.2520391751476029,
        "eps": 2.08702,
        "epsdiluted": 2.061996,
        "weightedAverageShsOut": 625651782,
        "weightedAverageShsOutDil": 634169529,
        "link": "",
        "finalLink": ""
    },
    {
        "date": "2007-12-31",
        "symbol": "GOOG",
        "reportedCurrency": "USD",
        "fillingDate": "2007-12-31",
        "acceptedDate": "2007-12-31",
        "period": "Q4",
        "revenue": 4826679000,
        "costOfRevenue": 1955824000,
        "grossProfit": 2870855000,
        "grossProfitRatio": 0.5947888807190203,
        "researchAndDevelopmentExpenses": 630783000,
        "generalAndAdministrativeExpenses": 377048000,
        "sellingAndMarketingExpenses": 422290000,
        "otherExpenses": 0.0,
        "operatingExpenses": 1430121000,
        "costAndExpenses": 3385945000,
        "interestExpense": 171000.0,
        "depreciationAndAmortization": 289936000,
        "ebitda": 1730670000,
        "ebitdaratio": 0.35856331030093364,
        "operatingIncome": 1440734000,
        "operatingIncomeRatio": 0.2984938505336692,
        "totalOtherIncomeExpensesNet": 22833000,
        "incomeBeforeTax": 1608027000,
        "incomeBeforeTaxRatio": 0.3331539139022918,
        "incomeTaxExpense": 401578000,
        "netIncome": 1206449000,
        "netIncomeRatio": 0.2499542646196277,
        "eps": 1.9401293204486105,
        "epsdiluted": 1.9401293204486105,
        "weightedAverageShsOut": 621839476,
        "weightedAverageShsOutDil": 621839476,
        "link": "",
        "finalLink": ""
    },
    {
        "date": "2007-09-30",
        "symbol": "GOOG",
        "reportedCurrency": "USD",
        "fillingDate": "2007-09-30",
        "acceptedDate": "2007-09-30",
        "period": "Q3",
        "revenue": 4231351000,
        "costOfRevenue": 1662579000,
        "grossProfit": 2568772000,
        "grossProfitRatio": 0.6070808117785549,
        "researchAndDevelopmentExpenses": 548712000,
        "generalAndAdministrativeExpenses": 321398000,
        "sellingAndMarketingExpenses": 380820000,
        "otherExpenses": 0.0,
        "operatingExpenses": 1250930000,
        "costAndExpenses": 2913509000,
        "interestExpense": 446000.0,
        "depreciationAndAmortization": 249375000,
        "ebitda": 1567217000,
        "ebitdaratio": 0.3703821781742994,
        "operatingIncome": 1317842000,
        "operatingIncomeRatio": 0.31144710046507607,
        "totalOtherIncomeExpensesNet": 8760000.0,
        "incomeBeforeTax": 1472270000,
        "incomeBeforeTaxRatio": 0.3479432455497074,
        "incomeTaxExpense": 402281000,
        "netIncome": 1069989000,
        "netIncomeRatio": 0.2528717187489291,
        "eps": 1.721667,
        "epsdiluted": 1.691638,
        "weightedAverageShsOut": 621839476,
        "weightedAverageShsOutDil": 632539108,
        "link": "",
        "finalLink": ""
    },
    {
        "date": "2007-06-30",
        "symbol": "GOOG",
        "reportedCurrency": "USD",
        "fillingDate": "2007-06-30",
        "acceptedDate": "2007-06-30",
        "period": "Q2",
        "revenue": 3871985000,
        "costOfRevenue": 1560255000,
        "grossProfit": 2311730000,
        "grossProfitRatio": 0.5970400195248691,
        "researchAndDevelopmentExpenses": 532106000,
        "generalAndAdministrativeExpenses": 319405000,
        "sellingAndMarketingExpenses": 355604000,
        "otherExpenses": 0.0,
        "operatingExpenses": 1207115000,
        "costAndExpenses": 2767370000,
        "interestExpense": 244000.0,
        "depreciationAndAmortization": 223355000,
        "ebitda": 1327970000,
        "ebitdaratio": 0.34296878732743025,
        "operatingIncome": 1104615000,
        "operatingIncomeRatio": 0.28528390476719306,
        "totalOtherIncomeExpensesNet": -610000.0,
        "incomeBeforeTax": 1241745000,
        "incomeBeforeTaxRatio": 0.32069984775250937,
        "incomeTaxExpense": 316625000,
        "netIncome": 925120000,
        "netIncomeRatio": 0.23892654542824934,
        "eps": 1.491444,
        "epsdiluted": 1.466419,
        "weightedAverageShsOut": 620270995,
        "weightedAverageShsOutDil": 630327252,
        "link": "",
        "finalLink": ""
    },
    {
        "date": "2007-03-31",
        "symbol": "GOOG",
        "reportedCurrency": "USD",
        "fillingDate": "2007-03-31",
        "acceptedDate": "2007-03-31",
        "period": "Q1",
        "revenue": 3663971000,
        "costOfRevenue": 1470426000,
        "grossProfit": 2193545000,
        "grossProfitRatio": 0.5986796838730437,
        "researchAndDevelopmentExpenses": 408384000,
        "generalAndAdministrativeExpenses": 261400000,
        "sellingAndMarketingExpenses": 302552000,
        "otherExpenses": 0.0,
        "operatingExpenses": 972336000,
        "costAndExpenses": 2442762000,
        "interestExpense": 342000.0,
        "depreciationAndAmortization": 204992000,
        "ebitda": 1426201000,
        "ebitdaratio": 0.3892500786714742,
        "operatingIncome": 1221209000,
        "operatingIncomeRatio": 0.33330203759800503,
        "totalOtherIncomeExpensesNet": 595000.0,
        "incomeBeforeTax": 1351937000,
        "incomeBeforeTaxRatio": 0.3689813592956931,
        "incomeTaxExpense": 349775000,
        "netIncome": 1002162000,
        "netIncomeRatio": 0.2735179945474459,
        "eps": 1.62157,
        "epsdiluted": 1.591541,
        "weightedAverageShsOut": 618031166,
        "weightedAverageShsOutDil": 629130411,
        "link": "",
        "finalLink": ""
    },
    {
        "date": "2006-12-31",
        "symbol": "GOOG",
        "reportedCurrency": "USD",
        "fillingDate": "2006-12-31",
        "acceptedDate": "2006-12-31",
        "period": "Q4",
        "revenue": 3205498000,
        "costOfRevenue": 1283148000,
        "grossProfit": 1922350000,
        "grossProfitRatio": 0.5997040085503095,
        "researchAndDevelopmentExpenses": 386806000,
        "generalAndAdministrativeExpenses": 0.0,
        "sellingAndMarketingExpenses": 0.0,
        "otherExpenses": 0.0,
        "operatingExpenses": 861756000,
        "costAndExpenses": 2144904000,
        "interestExpense": 0.0,
        "depreciationAndAmortization": 189250000,
        "ebitda": 1249844000,
        "ebitdaratio": 0.3899063421658663,
        "operatingIncome": 1060594000,
        "operatingIncomeRatio": 0.3308671538712549,
        "totalOtherIncomeExpensesNet": 2469000.0,
        "incomeBeforeTax": 1184734000,
        "incomeBeforeTaxRatio": 0.3695943656804653,
        "incomeTaxExpense": 154017000,
        "netIncome": 1030717000,
        "netIncomeRatio": 0.32154660523887396,
        "eps": 1.7002565949563535,
        "epsdiluted": 1.7002565949563535,
        "weightedAverageShsOut": 606212617,
        "weightedAverageShsOutDil": 606212617,
        "link": "",
        "finalLink": ""
    },
    {
        "date": "2006-09-30",
        "symbol": "GOOG",
        "reportedCurrency": "USD",
        "fillingDate": "2006-09-30",
        "acceptedDate": "2006-09-30",
        "period": "Q3",
        "revenue": 2689673000,
        "costOfRevenue": 1048728000,
        "grossProfit": 1640945000,
        "grossProfitRatio": 0.6100908920898562,
        "researchAndDevelopmentExpenses": 312632000,
        "generalAndAdministrativeExpenses": 190010000,
        "sellingAndMarketingExpenses": 206972000,
        "otherExpenses": 0.0,
        "operatingExpenses": 709614000,
        "costAndExpenses": 1758342000,
        "interestExpense": 21000.0,
        "depreciationAndAmortization": 145310000,
        "ebitda": 1076641000,
        "ebitdaratio": 0.4002869493800919,
        "operatingIncome": 931331000,
        "operatingIncomeRatio": 0.3462617946493867,
        "totalOtherIncomeExpensesNet": -29000.0,
        "incomeBeforeTax": 1039511000,
        "incomeBeforeTaxRatio": 0.3864822972904141,
        "incomeTaxExpense": 306150000,
        "netIncome": 733361000,
        "netIncomeRatio": 0.27265805174086216,
        "eps": 1.211172,
        "epsdiluted": 1.181143,
        "weightedAverageShsOut": 606212617,
        "weightedAverageShsOutDil": 620546728,
        "link": "",
        "finalLink": ""
    },
    {
        "date": "2006-06-30",
        "symbol": "GOOG",
        "reportedCurrency": "USD",
        "fillingDate": "2006-06-30",
        "acceptedDate": "2006-06-30",
        "period": "Q2",
        "revenue": 2455991000,
        "costOfRevenue": 989032000,
        "grossProfit": 1466959000,
        "grossProfitRatio": 0.5972981985683172,
        "researchAndDevelopmentExpenses": 282552000,
        "generalAndAdministrativeExpenses": 0.0,
        "sellingAndMarketingExpenses": 0.0,
        "otherExpenses": 0.0,
        "operatingExpenses": 651587000,
        "costAndExpenses": 1640619000,
        "interestExpense": 0.0,
        "depreciationAndAmortization": 126221000,
        "ebitda": 941593000,
        "ebitdaratio": 0.3833861769037427,
        "operatingIncome": 815372000,
        "operatingIncomeRatio": 0.33199307326451927,
        "totalOtherIncomeExpensesNet": 57795000,
        "incomeBeforeTax": 976177000,
        "incomeBeforeTaxRatio": 0.3974676617300308,
        "incomeTaxExpense": 255100000,
        "netIncome": 721077000,
        "netIncomeRatio": 0.29359920292867525,
        "eps": 1.196158,
        "epsdiluted": 1.166129,
        "weightedAverageShsOut": 602236470,
        "weightedAverageShsOutDil": 619475766,
        "link": "",
        "finalLink": ""
    },
    {
        "date": "2006-03-31",
        "symbol": "GOOG",
        "reportedCurrency": "USD",
        "fillingDate": "2006-03-31",
        "acceptedDate": "2006-03-31",
        "period": "Q1",
        "revenue": 2253755000,
        "costOfRevenue": 904119000,
        "grossProfit": 1349636000,
        "grossProfitRatio": 0.5988388267580105,
        "researchAndDevelopmentExpenses": 246599000,
        "generalAndAdministrativeExpenses": 0.0,
        "sellingAndMarketingExpenses": 0.0,
        "otherExpenses": 0.0,
        "operatingExpenses": 606937000,
        "costAndExpenses": 1511056000,
        "interestExpense": 0.0,
        "depreciationAndAmortization": 111158000,
        "ebitda": 853857000,
        "ebitdaratio": 0.37885972521414263,
        "operatingIncome": 742699000,
        "operatingIncomeRatio": 0.329538481334484,
        "totalOtherIncomeExpensesNet": 0.0,
        "incomeBeforeTax": 810618000,
        "incomeBeforeTaxRatio": 0.359674410040133,
        "incomeTaxExpense": 218327000,
        "netIncome": 592291000,
        "netIncomeRatio": 0.26280185734474243,
        "eps": 1.010979,
        "epsdiluted": 0.975945,
        "weightedAverageShsOut": 587223017,
        "weightedAverageShsOutDil": 607657217,
        "link": "",
        "finalLink": ""
    },
    {
        "date": "2005-12-31",
        "symbol": "GOOG",
        "reportedCurrency": "USD",
        "fillingDate": "2005-12-31",
        "acceptedDate": "2005-12-31",
        "period": "Q4",
        "revenue": 1919092000,
        "costOfRevenue": 775381000,
        "grossProfit": 1143711000,
        "grossProfitRatio": 0.5959646541176765,
        "researchAndDevelopmentExpenses": 157072000,
        "generalAndAdministrativeExpenses": 0.0,
        "sellingAndMarketingExpenses": 0.0,
        "otherExpenses": 0.0,
        "operatingExpenses": 574072000,
        "costAndExpenses": 1349453000,
        "interestExpense": 0.0,
        "depreciationAndAmortization": 94725000,
        "ebitda": 664364000,
        "ebitdaratio": 0.34618663409570777,
        "operatingIncome": 569639000,
        "operatingIncomeRatio": 0.2968273537693868,
        "totalOtherIncomeExpensesNet": 0.0,
        "incomeBeforeTax": 639833000,
        "incomeBeforeTaxRatio": 0.3334040264875264,
        "incomeTaxExpense": 267625000,
        "netIncome": 372208000,
        "netIncomeRatio": 0.19395005554710248,
        "eps": 0.6770774664097665,
        "epsdiluted": 0.6770774664097665,
        "weightedAverageShsOut": 549727348,
        "weightedAverageShsOutDil": 549727348,
        "link": "",
        "finalLink": ""
    },
    {
        "date": "2005-09-30",
        "symbol": "GOOG",
        "reportedCurrency": "USD",
        "fillingDate": "2005-09-30",
        "acceptedDate": "2005-09-30",
        "period": "Q3",
        "revenue": 1578456000,
        "costOfRevenue": 653826000,
        "grossProfit": 924630000,
        "grossProfitRatio": 0.5857812951390473,
        "researchAndDevelopmentExpenses": 151721000,
        "generalAndAdministrativeExpenses": 0.0,
        "sellingAndMarketingExpenses": 0.0,
        "otherExpenses": 0.0,
        "operatingExpenses": 395459000,
        "costAndExpenses": 1049285000,
        "interestExpense": 0.0,
        "depreciationAndAmortization": 75965000,
        "ebitda": 605136000,
        "ebitdaratio": 0.38337210539920025,
        "operatingIncome": 529171000,
        "operatingIncomeRatio": 0.33524596187666933,
        "totalOtherIncomeExpensesNet": 0.0,
        "incomeBeforeTax": 549968000,
        "incomeBeforeTaxRatio": 0.3484214954360464,
        "incomeTaxExpense": 168786000,
        "netIncome": 381182000,
        "netIncomeRatio": 0.24149041848489916,
        "eps": 0.695673,
        "epsdiluted": 0.660639,
        "weightedAverageShsOut": 549727348,
        "weightedAverageShsOutDil": 578785193,
        "link": "",
        "finalLink": ""
    },
    {
        "date": "2005-06-30",
        "symbol": "GOOG",
        "reportedCurrency": "USD",
        "fillingDate": "2005-06-30",
        "acceptedDate": "2005-06-30",
        "period": "Q2",
        "revenue": 1384495000,
        "costOfRevenue": 597095000,
        "grossProfit": 787400000,
        "grossProfitRatio": 0.568727225450435,
        "researchAndDevelopmentExpenses": 95772000,
        "generalAndAdministrativeExpenses": 0.0,
        "sellingAndMarketingExpenses": 0.0,
        "otherExpenses": 0.0,
        "operatingExpenses": 311702000,
        "costAndExpenses": 908797000,
        "interestExpense": 0.0,
        "depreciationAndAmortization": 66929000,
        "ebitda": 542627000,
        "ebitdaratio": 0.39193135403161444,
        "operatingIncome": 475698000,
        "operatingIncomeRatio": 0.34358953986832746,
        "totalOtherIncomeExpensesNet": 0.0,
        "incomeBeforeTax": 495420000,
        "incomeBeforeTaxRatio": 0.3578344450503613,
        "incomeTaxExpense": 152606000,
        "netIncome": 342814000,
        "netIncomeRatio": 0.24760941715210238,
        "eps": 0.635615,
        "epsdiluted": 0.595577,
        "weightedAverageShsOut": 540933868,
        "weightedAverageShsOutDil": 573919907,
        "link": "",
        "finalLink": ""
    },
    {
        "date": "2005-03-31",
        "symbol": "GOOG",
        "reportedCurrency": "USD",
        "fillingDate": "2005-03-31",
        "acceptedDate": "2005-03-31",
        "period": "Q1",
        "revenue": 1256516000,
        "costOfRevenue": 545208000,
        "grossProfit": 711308000,
        "grossProfitRatio": 0.5660954575986299,
        "researchAndDevelopmentExpenses": 79412000,
        "generalAndAdministrativeExpenses": 0.0,
        "sellingAndMarketingExpenses": 0.0,
        "otherExpenses": 0.0,
        "operatingExpenses": 268538000,
        "costAndExpenses": 813746000,
        "interestExpense": 0.0,
        "depreciationAndAmortization": 56193000,
        "ebitda": 498963000,
        "ebitdaratio": 0.39710039506062794,
        "operatingIncome": 442770000,
        "operatingIncomeRatio": 0.3523791181329963,
        "totalOtherIncomeExpensesNet": 0.0,
        "incomeBeforeTax": 456456000,
        "incomeBeforeTaxRatio": 0.36327114020036355,
        "incomeTaxExpense": 87263000,
        "netIncome": 369193000,
        "netIncomeRatio": 0.2938227607129555,
        "eps": 0.695673,
        "epsdiluted": 0.645625,
        "weightedAverageShsOut": 531696818,
        "weightedAverageShsOutDil": 572669119,
        "link": "",
        "finalLink": ""
    },
    {
        "date": "2004-12-31",
        "symbol": "GOOG",
        "reportedCurrency": "USD",
        "fillingDate": "2004-12-31",
        "acceptedDate": "2004-12-31",
        "period": "Q4",
        "revenue": 1031501000,
        "costOfRevenue": 453779000,
        "grossProfit": 577722000,
        "grossProfitRatio": 0.5600789529045537,
        "researchAndDevelopmentExpenses": 87442000,
        "generalAndAdministrativeExpenses": 0.0,
        "sellingAndMarketingExpenses": 0.0,
        "otherExpenses": 0.0,
        "operatingExpenses": 274923000,
        "costAndExpenses": 728702000,
        "interestExpense": 0.0,
        "depreciationAndAmortization": 52460000,
        "ebitda": 355259000,
        "ebitdaratio": 0.3444097485121197,
        "operatingIncome": 302799000,
        "operatingIncomeRatio": 0.2935518239924149,
        "totalOtherIncomeExpensesNet": 0.0,
        "incomeBeforeTax": 310173000,
        "incomeBeforeTaxRatio": 0.300700629471033,
        "incomeTaxExpense": 106073000,
        "netIncome": 204100000,
        "netIncomeRatio": 0.19786699188851975,
        "eps": 0.4982702065181819,
        "epsdiluted": 0.4982702065181819,
        "weightedAverageShsOut": 409617106,
        "weightedAverageShsOutDil": 409617106,
        "link": "",
        "finalLink": ""
    },
    {
        "date": "2004-09-30",
        "symbol": "GOOG",
        "reportedCurrency": "USD",
        "fillingDate": "2004-09-30",
        "acceptedDate": "2004-09-30",
        "period": "Q3",
        "revenue": 805887000,
        "costOfRevenue": 362099000,
        "grossProfit": 443788000,
        "grossProfitRatio": 0.5506826639466823,
        "researchAndDevelopmentExpenses": 57409000,
        "generalAndAdministrativeExpenses": 0.0,
        "sellingAndMarketingExpenses": 0.0,
        "otherExpenses": 0.0,
        "operatingExpenses": 432676000,
        "costAndExpenses": 794775000,
        "interestExpense": 0.0,
        "depreciationAndAmortization": 41326000,
        "ebitda": 52438000,
        "ebitdaratio": 0.06506867588135806,
        "operatingIncome": 11112000,
        "operatingIncomeRatio": 0.01378853362816375,
        "totalOtherIncomeExpensesNet": -201000000,
        "incomeBeforeTax": 14978000,
        "incomeBeforeTaxRatio": 0.01858573224285787,
        "incomeTaxExpense": -37005000,
        "netIncome": 51983000,
        "netIncomeRatio": 0.0645040805969075,
        "eps": 0.125121,
        "epsdiluted": 0.095092,
        "weightedAverageShsOut": 409617106,
        "weightedAverageShsOutDil": 548938113,
        "link": "",
        "finalLink": ""
    },
    {
        "date": "2004-06-30",
        "symbol": "GOOG",
        "reportedCurrency": "USD",
        "fillingDate": "2004-06-30",
        "acceptedDate": "2004-06-30",
        "period": "Q2",
        "revenue": 700212000,
        "costOfRevenue": 326377000,
        "grossProfit": 373835000,
        "grossProfitRatio": 0.5338883081124003,
        "researchAndDevelopmentExpenses": 45762000,
        "generalAndAdministrativeExpenses": 0.0,
        "sellingAndMarketingExpenses": 0.0,
        "otherExpenses": 0.0,
        "operatingExpenses": -155419000,
        "costAndExpenses": 170958000,
        "interestExpense": 0.0,
        "depreciationAndAmortization": 0.0,
        "ebitda": 529254000,
        "ebitdaratio": 0.7558482288221282,
        "operatingIncome": 529254000,
        "operatingIncomeRatio": 0.7558482288221282,
        "totalOtherIncomeExpensesNet": 0.0,
        "incomeBeforeTax": 169460000,
        "incomeBeforeTaxRatio": 0.24201241909593094,
        "incomeTaxExpense": 90397000,
        "netIncome": 79063000,
        "netIncomeRatio": 0.11291294636481523,
        "eps": 0.255247,
        "epsdiluted": 0.150145,
        "weightedAverageShsOut": 310581066,
        "weightedAverageShsOutDil": 532010514,
        "link": "",
        "finalLink": ""
    },
    {
        "date": "2004-03-31",
        "symbol": "GOOG",
        "reportedCurrency": "USD",
        "fillingDate": "2004-03-31",
        "acceptedDate": "2004-03-31",
        "period": "Q1",
        "revenue": 651623000,
        "costOfRevenue": 315398000,
        "grossProfit": 336225000,
        "grossProfitRatio": 0.5159808662370726,
        "researchAndDevelopmentExpenses": 35019000,
        "generalAndAdministrativeExpenses": 0.0,
        "sellingAndMarketingExpenses": 0.0,
        "otherExpenses": 0.0,
        "operatingExpenses": 35019000,
        "costAndExpenses": 350417000,
        "interestExpense": 0.0,
        "depreciationAndAmortization": 0.0,
        "ebitda": 301206000,
        "ebitdaratio": 0.46223966925661003,
        "operatingIncome": 301206000,
        "operatingIncomeRatio": 0.46223966925661003,
        "totalOtherIncomeExpensesNet": 0.0,
        "incomeBeforeTax": 155623000,
        "incomeBeforeTaxRatio": 0.23882367565294657,
        "incomeTaxExpense": 91650000,
        "netIncome": 63973000,
        "netIncomeRatio": 0.09817486491422188,
        "eps": 0.210203,
        "epsdiluted": 0.120116,
        "weightedAverageShsOut": 304338448,
        "weightedAverageShsOutDil": 532592284,
        "link": "",
        "finalLink": ""
    },
    {
        "date": "2003-06-30",
        "symbol": "GOOG",
        "reportedCurrency": "USD",
        "fillingDate": "2003-06-30",
        "acceptedDate": "2003-06-30",
        "period": "Q2",
        "revenue": 311199000,
        "costOfRevenue": 117401000,
        "grossProfit": 193798000,
        "grossProfitRatio": 0.622746217050826,
        "researchAndDevelopmentExpenses": 17492000,
        "generalAndAdministrativeExpenses": 0.0,
        "sellingAndMarketingExpenses": 0.0,
        "otherExpenses": 0.0,
        "operatingExpenses": 17492000,
        "costAndExpenses": 134893000,
        "interestExpense": 0.0,
        "depreciationAndAmortization": 0.0,
        "ebitda": 176306000,
        "ebitdaratio": 0.5665378102114724,
        "operatingIncome": 176306000,
        "operatingIncomeRatio": 0.5665378102114724,
        "totalOtherIncomeExpensesNet": 0.0,
        "incomeBeforeTax": 105550000,
        "incomeBeforeTaxRatio": 0.339172041041263,
        "incomeTaxExpense": 73382000,
        "netIncome": 32168000,
        "netIncomeRatio": 0.10336794141369349,
        "eps": 0.120116,
        "epsdiluted": 0.060058,
        "weightedAverageShsOut": 271157265,
        "weightedAverageShsOutDil": 514223749,
        "link": "",
        "finalLink": ""
    }
]