[
    {
        "date": "2020-12-31",
        "symbol": "BLK",
        "reportedCurrency": "USD",
        "fillingDate": "2021-02-25",
        "acceptedDate": "2020-12-31",
        "period": "Q4",
        "revenue": 4478000000,
        "costOfRevenue": 2129000000,
        "grossProfit": 2349000000,
        "grossProfitRatio": 0.5245645377400625,
        "researchAndDevelopmentExpenses": 0.0,
        "generalAndAdministrativeExpenses": 402000000,
        "sellingAndMarketingExpenses": 73000000,
        "otherExpenses": 0.0,
        "operatingExpenses": 502000000,
        "costAndExpenses": 2631000000,
        "interestExpense": 54000000,
        "depreciationAndAmortization": 16000000,
        "ebitda": 1863000000,
        "ebitdaratio": 0.4160339437248772,
        "operatingIncome": 1847000000,
        "operatingIncomeRatio": 0.41246092005359536,
        "totalOtherIncomeExpensesNet": 346000000,
        "incomeBeforeTax": 2167000000,
        "incomeBeforeTaxRatio": 0.4839213934792318,
        "incomeTaxExpense": 427000000,
        "netIncome": 1548000000,
        "netIncomeRatio": 0.3456900401965163,
        "eps": 10.15,
        "epsdiluted": 10.02,
        "weightedAverageShsOut": 152515168,
        "weightedAverageShsOutDil": 154512860,
        "link": "https://www.sec.gov/Archives/edgar/data/1364742/000156459021008796/0001564590-21-008796-index.htm",
        "finalLink": "https://www.sec.gov/Archives/edgar/data/1364742/000156459021008796/blk-10k_20201231.htm"
    },
    {
        "date": "2020-09-30",
        "symbol": "BLK",
        "reportedCurrency": "USD",
        "fillingDate": "2020-11-05",
        "acceptedDate": "2020-11-05 14:59:31",
        "period": "Q3",
        "revenue": 4369000000,
        "costOfRevenue": 2124000000,
        "grossProfit": 2245000000,
        "grossProfitRatio": 0.513847562371252,
        "researchAndDevelopmentExpenses": 0.0,
        "generalAndAdministrativeExpenses": 412000000,
        "sellingAndMarketingExpenses": 48000000,
        "otherExpenses": 224000.0,
        "operatingExpenses": 487000000,
        "costAndExpenses": 2611000000,
        "interestExpense": 54000000,
        "depreciationAndAmortization": 117000000,
        "ebitda": 1875000000,
        "ebitdaratio": 0.42915999084458684,
        "operatingIncome": 1758000000,
        "operatingIncomeRatio": 0.40238040741588466,
        "totalOtherIncomeExpensesNet": 268000000,
        "incomeBeforeTax": 1981000000,
        "incomeBeforeTaxRatio": 0.45342183566033417,
        "incomeTaxExpense": 464000000,
        "netIncome": 1364000000,
        "netIncomeRatio": 0.3121995880064088,
        "eps": 8.94,
        "epsdiluted": 8.87,
        "weightedAverageShsOut": 152488073,
        "weightedAverageShsOutDil": 153742264,
        "link": "https://www.sec.gov/Archives/edgar/data/1364742/000156459020051202/0001564590-20-051202-index.htm",
        "finalLink": "https://www.sec.gov/Archives/edgar/data/1364742/000156459020051202/blk-10q_20200930.htm"
    },
    {
        "date": "2020-06-30",
        "symbol": "BLK",
        "reportedCurrency": "USD",
        "fillingDate": "2020-08-07",
        "acceptedDate": "2020-08-07 19:42:49",
        "period": "Q2",
        "revenue": 3648000000,
        "costOfRevenue": 1827000000,
        "grossProfit": 1821000000,
        "grossProfitRatio": 0.49917763157894735,
        "researchAndDevelopmentExpenses": 0.0,
        "generalAndAdministrativeExpenses": 350000000,
        "sellingAndMarketingExpenses": 39000000,
        "otherExpenses": 0.0,
        "operatingExpenses": 416000000,
        "costAndExpenses": 2243000000,
        "interestExpense": 51000000,
        "depreciationAndAmortization": 114000000,
        "ebitda": 1519000000,
        "ebitdaratio": 0.41639254385964913,
        "operatingIncome": 1405000000,
        "operatingIncomeRatio": 0.38514254385964913,
        "totalOtherIncomeExpensesNet": 399000000,
        "incomeBeforeTax": 1763000000,
        "incomeBeforeTaxRatio": 0.48327850877192985,
        "incomeTaxExpense": 361000000,
        "netIncome": 1214000000,
        "netIncomeRatio": 0.33278508771929827,
        "eps": 7.9,
        "epsdiluted": 7.85,
        "weightedAverageShsOut": 153732878,
        "weightedAverageShsOutDil": 154712032,
        "link": "https://www.sec.gov/Archives/edgar/data/1364742/000156459020038433/0001564590-20-038433-index.htm",
        "finalLink": "https://www.sec.gov/Archives/edgar/data/1364742/000156459020038433/blk-10q_20200630.htm"
    },
    {
        "date": "2020-03-31",
        "symbol": "BLK",
        "reportedCurrency": "USD",
        "fillingDate": "2020-05-08",
        "acceptedDate": "2020-05-08 12:02:08",
        "period": "Q1",
        "revenue": 3710000000,
        "costOfRevenue": 1859000000,
        "grossProfit": 1851000000,
        "grossProfitRatio": 0.498921832884097,
        "researchAndDevelopmentExpenses": 0.0,
        "generalAndAdministrativeExpenses": 454000000,
        "sellingAndMarketingExpenses": 69000000,
        "otherExpenses": 0.0,
        "operatingExpenses": 548000000,
        "costAndExpenses": 2407000000,
        "interestExpense": 46000000,
        "depreciationAndAmortization": 111000000,
        "ebitda": 1414000000,
        "ebitdaratio": 0.38113207547169814,
        "operatingIncome": 1303000000,
        "operatingIncomeRatio": 0.35121293800539083,
        "totalOtherIncomeExpensesNet": -659000000,
        "incomeBeforeTax": 613000000,
        "incomeBeforeTaxRatio": 0.16522911051212938,
        "incomeTaxExpense": -14000000,
        "netIncome": 806000000,
        "netIncomeRatio": 0.21725067385444743,
        "eps": 5.19,
        "epsdiluted": 5.15,
        "weightedAverageShsOut": 155243279,
        "weightedAverageShsOutDil": 156416726,
        "link": "https://www.sec.gov/Archives/edgar/data/1364742/000156459020023352/0001564590-20-023352-index.htm",
        "finalLink": "https://www.sec.gov/Archives/edgar/data/1364742/000156459020007807/blk-10k_20191231.htm"
    },
    {
        "date": "2019-12-31",
        "symbol": "BLK",
        "reportedCurrency": "USD",
        "fillingDate": "2020-02-28",
        "acceptedDate": "2020-02-28 16:30:05",
        "period": "Q4",
        "revenue": 3977000000,
        "costOfRevenue": 1895000000,
        "grossProfit": 2082000000,
        "grossProfitRatio": 0.5235101835554438,
        "researchAndDevelopmentExpenses": 0.0,
        "generalAndAdministrativeExpenses": 358000000,
        "sellingAndMarketingExpenses": 109000000,
        "otherExpenses": 0.0,
        "operatingExpenses": 496000000,
        "costAndExpenses": 2391000000,
        "interestExpense": 51000000,
        "depreciationAndAmortization": 111000000,
        "ebitda": 1697000000,
        "ebitdaratio": 0.42670354538596933,
        "operatingIncome": 1586000000,
        "operatingIncomeRatio": 0.39879306009554943,
        "totalOtherIncomeExpensesNet": 70000000,
        "incomeBeforeTax": 1634000000,
        "incomeBeforeTaxRatio": 0.4108624591400553,
        "incomeTaxExpense": 300000000,
        "netIncome": 1301000000,
        "netIncomeRatio": 0.3271310032687956,
        "eps": 8.38,
        "epsdiluted": 8.29,
        "weightedAverageShsOut": 155195733,
        "weightedAverageShsOutDil": 156894201,
        "link": "https://www.sec.gov/Archives/edgar/data/1364742/000156459020007807/0001564590-20-007807-index.htm",
        "finalLink": "https://www.sec.gov/Archives/edgar/data/1364742/000156459020007807/blk-10k_20191231.htm"
    },
    {
        "date": "2019-09-30",
        "symbol": "BLK",
        "reportedCurrency": "USD",
        "fillingDate": "2019-11-08",
        "acceptedDate": "2019-11-08 14:07:20",
        "period": "Q3",
        "revenue": 3692000000,
        "costOfRevenue": 1777000000,
        "grossProfit": 1915000000,
        "grossProfitRatio": 0.5186890574214518,
        "researchAndDevelopmentExpenses": 0.0,
        "generalAndAdministrativeExpenses": 309000000,
        "sellingAndMarketingExpenses": 79000000,
        "otherExpenses": 0.0,
        "operatingExpenses": 416000000,
        "costAndExpenses": 2193000000,
        "interestExpense": 54000000,
        "depreciationAndAmortization": 105000000,
        "ebitda": 1604000000,
        "ebitdaratio": 0.4344528710725894,
        "operatingIncome": 1499000000,
        "operatingIncomeRatio": 0.40601300108342364,
        "totalOtherIncomeExpensesNet": -4000000.0,
        "incomeBeforeTax": 1460000000,
        "incomeBeforeTaxRatio": 0.39544962080173346,
        "incomeTaxExpense": 341000000,
        "netIncome": 1119000000,
        "netIncomeRatio": 0.30308775731310944,
        "eps": 7.21,
        "epsdiluted": 7.15,
        "weightedAverageShsOut": 155280877,
        "weightedAverageShsOutDil": 156447387,
        "link": "https://www.sec.gov/Archives/edgar/data/1364742/000156459019042157/0001564590-19-042157-index.htm",
        "finalLink": "https://www.sec.gov/Archives/edgar/data/1364742/000156459019042157/blk-10q_20190930.htm"
    },
    {
        "date": "2019-06-30",
        "symbol": "BLK",
        "reportedCurrency": "USD",
        "fillingDate": "2019-08-08",
        "acceptedDate": "2019-08-08 14:46:55",
        "period": "Q2",
        "revenue": 3524000000,
        "costOfRevenue": 1751000000,
        "grossProfit": 1773000000,
        "grossProfitRatio": 0.5031214528944381,
        "researchAndDevelopmentExpenses": 0.0,
        "generalAndAdministrativeExpenses": 364000000,
        "sellingAndMarketingExpenses": 81000000,
        "otherExpenses": 0.0,
        "operatingExpenses": 470000000,
        "costAndExpenses": 2221000000,
        "interestExpense": 52000000,
        "depreciationAndAmortization": 100000000,
        "ebitda": 1403000000,
        "ebitdaratio": 0.3981271282633371,
        "operatingIncome": 1303000000,
        "operatingIncomeRatio": 0.36975028376844493,
        "totalOtherIncomeExpensesNet": 64000000,
        "incomeBeforeTax": 1335000000,
        "incomeBeforeTaxRatio": 0.3788308740068104,
        "incomeTaxExpense": 322000000,
        "netIncome": 1003000000,
        "netIncomeRatio": 0.28461975028376846,
        "eps": 6.46,
        "epsdiluted": 6.41,
        "weightedAverageShsOut": 155354552,
        "weightedAverageShsOutDil": 156360741,
        "link": "https://www.sec.gov/Archives/edgar/data/1364742/000156459019030654/0001564590-19-030654-index.htm",
        "finalLink": "https://www.sec.gov/Archives/edgar/data/1364742/000156459019030654/blk-10q_20190630.htm"
    },
    {
        "date": "2019-03-31",
        "symbol": "BLK",
        "reportedCurrency": "USD",
        "fillingDate": "2019-05-09",
        "acceptedDate": "2019-05-09 13:35:40",
        "period": "Q1",
        "revenue": 3346000000,
        "costOfRevenue": 1710000000,
        "grossProfit": 1636000000,
        "grossProfitRatio": 0.48894202032277345,
        "researchAndDevelopmentExpenses": 0.0,
        "generalAndAdministrativeExpenses": 293000000,
        "sellingAndMarketingExpenses": 81000000,
        "otherExpenses": 0.0,
        "operatingExpenses": 389000000,
        "costAndExpenses": 2099000000,
        "interestExpense": 46000000,
        "depreciationAndAmortization": 89000000,
        "ebitda": 1336000000,
        "ebitdaratio": 0.3992827256425583,
        "operatingIncome": 1247000000,
        "operatingIncomeRatio": 0.3726838015540944,
        "totalOtherIncomeExpensesNet": 128000000,
        "incomeBeforeTax": 1358000000,
        "incomeBeforeTaxRatio": 0.40585774058577406,
        "incomeTaxExpense": 298000000,
        "netIncome": 1053000000,
        "netIncomeRatio": 0.3147041243275553,
        "eps": 6.65,
        "epsdiluted": 6.61,
        "weightedAverageShsOut": 158268034,
        "weightedAverageShsOutDil": 159348431,
        "link": "https://www.sec.gov/Archives/edgar/data/1364742/000156459019017793/0001564590-19-017793-index.htm",
        "finalLink": "https://www.sec.gov/Archives/edgar/data/1364742/000156459019005479/blk-10k_20181231.htm"
    },
    {
        "date": "2018-12-31",
        "symbol": "BLK",
        "reportedCurrency": "USD",
        "fillingDate": "2019-02-28",
        "acceptedDate": "2019-02-28 16:25:04",
        "period": "Q4",
        "revenue": 3434000000,
        "costOfRevenue": 1664000000,
        "grossProfit": 1770000000,
        "grossProfitRatio": 0.5154338963308096,
        "researchAndDevelopmentExpenses": 0.0,
        "generalAndAdministrativeExpenses": 306000000,
        "sellingAndMarketingExpenses": 108000000,
        "otherExpenses": 0.0,
        "operatingExpenses": 429000000,
        "costAndExpenses": 2093000000,
        "interestExpense": 46000000,
        "depreciationAndAmortization": 56000000,
        "ebitda": 1397000000,
        "ebitdaratio": 0.40681421083284797,
        "operatingIncome": 1341000000,
        "operatingIncomeRatio": 0.39050669772859636,
        "totalOtherIncomeExpensesNet": -162000000,
        "incomeBeforeTax": 1174000000,
        "incomeBeforeTaxRatio": 0.3418753640069889,
        "incomeTaxExpense": 247000000,
        "netIncome": 927000000,
        "netIncomeRatio": 0.2699475829935935,
        "eps": 5.84,
        "epsdiluted": 5.78,
        "weightedAverageShsOut": 158859998,
        "weightedAverageShsOutDil": 160450266,
        "link": "https://www.sec.gov/Archives/edgar/data/1364742/000156459019005479/0001564590-19-005479-index.htm",
        "finalLink": "https://www.sec.gov/Archives/edgar/data/1364742/000156459019005479/blk-10k_20181231.htm"
    },
    {
        "date": "2018-09-30",
        "symbol": "BLK",
        "reportedCurrency": "USD",
        "fillingDate": "2018-11-09",
        "acceptedDate": "2018-11-09 14:42:13",
        "period": "Q3",
        "revenue": 3576000000,
        "costOfRevenue": 1754000000,
        "grossProfit": 1822000000,
        "grossProfitRatio": 0.5095078299776287,
        "researchAndDevelopmentExpenses": 0.0,
        "generalAndAdministrativeExpenses": 300000000,
        "sellingAndMarketingExpenses": 77000000,
        "otherExpenses": 0.0,
        "operatingExpenses": 390000000,
        "costAndExpenses": 2144000000,
        "interestExpense": 46000000,
        "depreciationAndAmortization": 57000000,
        "ebitda": 1489000000,
        "ebitdaratio": 0.41638702460850113,
        "operatingIncome": 1432000000,
        "operatingIncomeRatio": 0.4004474272930649,
        "totalOtherIncomeExpensesNet": 14000000,
        "incomeBeforeTax": 1429000000,
        "incomeBeforeTaxRatio": 0.3996085011185682,
        "incomeTaxExpense": 226000000,
        "netIncome": 1216000000,
        "netIncomeRatio": 0.3400447427293065,
        "eps": 7.59,
        "epsdiluted": 7.54,
        "weightedAverageShsOut": 160141506,
        "weightedAverageShsOutDil": 161378217,
        "link": "https://www.sec.gov/Archives/edgar/data/1364742/000156459018028881/0001564590-18-028881-index.htm",
        "finalLink": "https://www.sec.gov/Archives/edgar/data/1364742/000156459018028881/blk-10q_20180930.htm"
    },
    {
        "date": "2018-06-30",
        "symbol": "BLK",
        "reportedCurrency": "USD",
        "fillingDate": "2018-08-08",
        "acceptedDate": "2018-08-08 13:07:19",
        "period": "Q2",
        "revenue": 3605000000,
        "costOfRevenue": 1761000000,
        "grossProfit": 1844000000,
        "grossProfitRatio": 0.511511789181692,
        "researchAndDevelopmentExpenses": 0.0,
        "generalAndAdministrativeExpenses": 299000000,
        "sellingAndMarketingExpenses": 91000000,
        "otherExpenses": 0.0,
        "operatingExpenses": 401000000,
        "costAndExpenses": 2162000000,
        "interestExpense": 46000000,
        "depreciationAndAmortization": 54000000,
        "ebitda": 1497000000,
        "ebitdaratio": 0.41525658807212207,
        "operatingIncome": 1443000000,
        "operatingIncomeRatio": 0.40027739251040223,
        "totalOtherIncomeExpensesNet": 0.0,
        "incomeBeforeTax": 1416000000,
        "incomeBeforeTaxRatio": 0.3927877947295423,
        "incomeTaxExpense": 338000000,
        "netIncome": 1073000000,
        "netIncomeRatio": 0.29764216366158114,
        "eps": 6.67,
        "epsdiluted": 6.62,
        "weightedAverageShsOut": 160980960,
        "weightedAverageShsOutDil": 162161937,
        "link": "https://www.sec.gov/Archives/edgar/data/1364742/000156459018020313/0001564590-18-020313-index.htm",
        "finalLink": "https://www.sec.gov/Archives/edgar/data/1364742/000156459018020313/blk-10q_20180630.htm"
    },
    {
        "date": "2018-03-31",
        "symbol": "BLK",
        "reportedCurrency": "USD",
        "fillingDate": "2018-05-09",
        "acceptedDate": "2018-05-09 15:09:58",
        "period": "Q1",
        "revenue": 3583000000,
        "costOfRevenue": 1814000000,
        "grossProfit": 1769000000,
        "grossProfitRatio": 0.493720346078705,
        "researchAndDevelopmentExpenses": 0.0,
        "generalAndAdministrativeExpenses": 291000000,
        "sellingAndMarketingExpenses": 85000000,
        "otherExpenses": 0.0,
        "operatingExpenses": 387000000,
        "costAndExpenses": 2201000000,
        "interestExpense": 46000000,
        "depreciationAndAmortization": 53000000,
        "ebitda": 1435000000,
        "ebitdaratio": 0.4005023723137036,
        "operatingIncome": 1382000000,
        "operatingIncomeRatio": 0.38571029863243095,
        "totalOtherIncomeExpensesNet": 8000000.0,
        "incomeBeforeTax": 1359000000,
        "incomeBeforeTaxRatio": 0.37929109684621826,
        "incomeTaxExpense": 265000000,
        "netIncome": 1089000000,
        "netIncomeRatio": 0.3039352497906782,
        "eps": 6.75,
        "epsdiluted": 6.68,
        "weightedAverageShsOut": 161250018,
        "weightedAverageShsOutDil": 162918961,
        "link": "https://www.sec.gov/Archives/edgar/data/1364742/000156459018012320/0001564590-18-012320-index.htm",
        "finalLink": "https://www.sec.gov/Archives/edgar/data/1364742/000156459018003744/blk-10k_20171231.htm"
    },
    {
        "date": "2017-12-31",
        "symbol": "BLK",
        "reportedCurrency": "USD",
        "fillingDate": "2018-02-28",
        "acceptedDate": "2018-02-28 14:38:00",
        "period": "Q4",
        "revenue": 3469000000,
        "costOfRevenue": 1520000000,
        "grossProfit": 1949000000,
        "grossProfitRatio": 0.5618333813779187,
        "researchAndDevelopmentExpenses": 0.0,
        "generalAndAdministrativeExpenses": 346000000,
        "sellingAndMarketingExpenses": 102000000,
        "otherExpenses": 1000000.0,
        "operatingExpenses": 460000000,
        "costAndExpenses": 1980000000,
        "interestExpense": 46000000,
        "depreciationAndAmortization": 50000000,
        "ebitda": 1539000000,
        "ebitdaratio": 0.4436437013548573,
        "operatingIncome": 1489000000,
        "operatingIncomeRatio": 0.42923032574228887,
        "totalOtherIncomeExpensesNet": 33000000,
        "incomeBeforeTax": 1490000000,
        "incomeBeforeTaxRatio": 0.4295185932545402,
        "incomeTaxExpense": -820000000,
        "netIncome": 2304000000,
        "netIncomeRatio": 0.6641683482271548,
        "eps": 14.23,
        "epsdiluted": 14.01,
        "weightedAverageShsOut": 161278988,
        "weightedAverageShsOutDil": 163800000,
        "link": "https://www.sec.gov/Archives/edgar/data/1364742/000156459018003744/0001564590-18-003744-index.htm",
        "finalLink": "https://www.sec.gov/Archives/edgar/data/1364742/000156459018003744/blk-10k_20171231.htm"
    },
    {
        "date": "2017-09-30",
        "symbol": "BLK",
        "reportedCurrency": "USD",
        "fillingDate": "2017-11-08",
        "acceptedDate": "2017-11-08 11:58:31",
        "period": "Q3",
        "revenue": 3233000000,
        "costOfRevenue": 1449000000,
        "grossProfit": 1784000000,
        "grossProfitRatio": 0.551809464893288,
        "researchAndDevelopmentExpenses": 0.0,
        "generalAndAdministrativeExpenses": 287000000,
        "sellingAndMarketingExpenses": 76000000,
        "otherExpenses": 0.0,
        "operatingExpenses": 390000000,
        "costAndExpenses": 1839000000,
        "interestExpense": 46000000,
        "depreciationAndAmortization": 65000000,
        "ebitda": 1459000000,
        "ebitdaratio": 0.4512836374884009,
        "operatingIncome": 1394000000,
        "operatingIncomeRatio": 0.43117847200742343,
        "totalOtherIncomeExpensesNet": 41000000,
        "incomeBeforeTax": 1404000000,
        "incomeBeforeTaxRatio": 0.4342715743891123,
        "incomeTaxExpense": 445000000,
        "netIncome": 947000000,
        "netIncomeRatio": 0.2929167955459326,
        "eps": 5.85,
        "epsdiluted": 5.78,
        "weightedAverageShsOut": 161872716,
        "weightedAverageShsOutDil": 163773546,
        "link": "https://www.sec.gov/Archives/edgar/data/1364742/000156459017022570/0001564590-17-022570-index.htm",
        "finalLink": "https://www.sec.gov/Archives/edgar/data/1364742/000156459017022570/blk-10q_20170930.htm"
    },
    {
        "date": "2017-06-30",
        "symbol": "BLK",
        "reportedCurrency": "USD",
        "fillingDate": "2017-08-08",
        "acceptedDate": "2017-08-08 13:38:45",
        "period": "Q2",
        "revenue": 2965000000,
        "costOfRevenue": 1348000000,
        "grossProfit": 1617000000,
        "grossProfitRatio": 0.545362563237774,
        "researchAndDevelopmentExpenses": 0.0,
        "generalAndAdministrativeExpenses": 264000000,
        "sellingAndMarketingExpenses": 86000000,
        "otherExpenses": 0.0,
        "operatingExpenses": 375000000,
        "costAndExpenses": 1723000000,
        "interestExpense": 48000000,
        "depreciationAndAmortization": 67000000,
        "ebitda": 1309000000,
        "ebitdaratio": 0.4414839797639123,
        "operatingIncome": 1242000000,
        "operatingIncomeRatio": 0.4188870151770658,
        "totalOtherIncomeExpensesNet": 36000000,
        "incomeBeforeTax": 1243000000,
        "incomeBeforeTaxRatio": 0.41922428330522765,
        "incomeTaxExpense": 376000000,
        "netIncome": 857000000,
        "netIncomeRatio": 0.28903878583473863,
        "eps": 5.27,
        "epsdiluted": 5.22,
        "weightedAverageShsOut": 162502465,
        "weightedAverageShsOutDil": 164149861,
        "link": "https://www.sec.gov/Archives/edgar/data/1364742/000156459017016394/0001564590-17-016394-index.htm",
        "finalLink": "https://www.sec.gov/Archives/edgar/data/1364742/000156459017016394/blk-10q_20170630.htm"
    },
    {
        "date": "2017-03-31",
        "symbol": "BLK",
        "reportedCurrency": "USD",
        "fillingDate": "2017-05-09",
        "acceptedDate": "2017-05-09 11:54:54",
        "period": "Q1",
        "revenue": 2824000000,
        "costOfRevenue": 1351000000,
        "grossProfit": 1473000000,
        "grossProfitRatio": 0.521600566572238,
        "researchAndDevelopmentExpenses": 0.0,
        "generalAndAdministrativeExpenses": 232000000,
        "sellingAndMarketingExpenses": 69000000,
        "otherExpenses": 0.0,
        "operatingExpenses": 326000000,
        "costAndExpenses": 1677000000,
        "interestExpense": 65000000,
        "depreciationAndAmortization": 58000000,
        "ebitda": 1205000000,
        "ebitdaratio": 0.426699716713881,
        "operatingIncome": 1147000000,
        "operatingIncomeRatio": 0.4061614730878187,
        "totalOtherIncomeExpensesNet": 51000000,
        "incomeBeforeTax": 1140000000,
        "incomeBeforeTaxRatio": 0.40368271954674223,
        "incomeTaxExpense": 269000000,
        "netIncome": 862000000,
        "netIncomeRatio": 0.3052407932011331,
        "eps": 5.29,
        "epsdiluted": 5.23,
        "weightedAverageShsOut": 163016599,
        "weightedAverageShsOutDil": 164856183,
        "link": "https://www.sec.gov/Archives/edgar/data/1364742/000156459017009686/0001564590-17-009686-index.htm",
        "finalLink": "https://www.sec.gov/Archives/edgar/data/1364742/000156459017002816/blk-10k_20161231.htm"
    },
    {
        "date": "2016-12-31",
        "symbol": "BLK",
        "reportedCurrency": "USD",
        "fillingDate": "2017-02-28",
        "acceptedDate": "2017-02-28 15:14:26",
        "period": "Q4",
        "revenue": 2890000000,
        "costOfRevenue": 1286000000,
        "grossProfit": 1604000000,
        "grossProfitRatio": 0.5550173010380622,
        "researchAndDevelopmentExpenses": 0.0,
        "generalAndAdministrativeExpenses": 262000000,
        "sellingAndMarketingExpenses": 93000000,
        "otherExpenses": 0.0,
        "operatingExpenses": 379000000,
        "costAndExpenses": 1665000000,
        "interestExpense": 51000000,
        "depreciationAndAmortization": 58000000,
        "ebitda": 1283000000,
        "ebitdaratio": 0.44394463667820067,
        "operatingIncome": 1225000000,
        "operatingIncomeRatio": 0.42387543252595156,
        "totalOtherIncomeExpensesNet": 6000000.0,
        "incomeBeforeTax": 1187000000,
        "incomeBeforeTaxRatio": 0.41072664359861594,
        "incomeTaxExpense": 336000000,
        "netIncome": 851000000,
        "netIncomeRatio": 0.2944636678200692,
        "eps": 5.21,
        "epsdiluted": 5.13,
        "weightedAverageShsOut": 163441552,
        "weightedAverageShsOutDil": 165854167,
        "link": "https://www.sec.gov/Archives/edgar/data/1364742/000156459017002816/0001564590-17-002816-index.htm",
        "finalLink": "https://www.sec.gov/Archives/edgar/data/1364742/000156459017002816/blk-10k_20161231.htm"
    },
    {
        "date": "2016-09-30",
        "symbol": "BLK",
        "reportedCurrency": "USD",
        "fillingDate": "2016-11-08",
        "acceptedDate": "2016-11-08 12:43:31",
        "period": "Q3",
        "revenue": 2837000000,
        "costOfRevenue": 1291000000,
        "grossProfit": 1546000000,
        "grossProfitRatio": 0.5449418399718012,
        "researchAndDevelopmentExpenses": 0.0,
        "generalAndAdministrativeExpenses": 240000000,
        "sellingAndMarketingExpenses": 72000000,
        "otherExpenses": 0.0,
        "operatingExpenses": 337000000,
        "costAndExpenses": 1628000000,
        "interestExpense": 52000000,
        "depreciationAndAmortization": 57000000,
        "ebitda": 1266000000,
        "ebitdaratio": 0.4462460345435319,
        "operatingIncome": 1209000000,
        "operatingIncomeRatio": 0.42615438843849135,
        "totalOtherIncomeExpensesNet": 31000000,
        "incomeBeforeTax": 1210000000,
        "incomeBeforeTaxRatio": 0.426506873457878,
        "incomeTaxExpense": 333000000,
        "netIncome": 875000000,
        "netIncomeRatio": 0.30842439196334154,
        "eps": 5.33,
        "epsdiluted": 5.26,
        "weightedAverageShsOut": 164129214,
        "weightedAverageShsOutDil": 166256598,
        "link": "https://www.sec.gov/Archives/edgar/data/1364742/000156459016028171/0001564590-16-028171-index.htm",
        "finalLink": "https://www.sec.gov/Archives/edgar/data/1364742/000156459016028171/blk-10q_20160930.htm"
    },
    {
        "date": "2016-06-30",
        "symbol": "BLK",
        "reportedCurrency": "USD",
        "fillingDate": "2016-08-08",
        "acceptedDate": "2016-08-08 13:33:41",
        "period": "Q2",
        "revenue": 2804000000,
        "costOfRevenue": 1290000000,
        "grossProfit": 1514000000,
        "grossProfitRatio": 0.5399429386590585,
        "researchAndDevelopmentExpenses": 0.0,
        "generalAndAdministrativeExpenses": 241000000,
        "sellingAndMarketingExpenses": 75000000,
        "otherExpenses": 0.0,
        "operatingExpenses": 341000000,
        "costAndExpenses": 1631000000,
        "interestExpense": 51000000,
        "depreciationAndAmortization": 58000000,
        "ebitda": 1231000000,
        "ebitdaratio": 0.43901569186875894,
        "operatingIncome": 1173000000,
        "operatingIncomeRatio": 0.41833095577746077,
        "totalOtherIncomeExpensesNet": 20000000,
        "incomeBeforeTax": 1148000000,
        "incomeBeforeTaxRatio": 0.4094151212553495,
        "incomeTaxExpense": 353000000,
        "netIncome": 789000000,
        "netIncomeRatio": 0.2813837375178317,
        "eps": 4.79,
        "epsdiluted": 4.73,
        "weightedAverageShsOut": 164758612,
        "weightedAverageShsOutDil": 166639290,
        "link": "https://www.sec.gov/Archives/edgar/data/1364742/000156459016023209/0001564590-16-023209-index.htm",
        "finalLink": "https://www.sec.gov/Archives/edgar/data/1364742/000156459016023209/blk-10q_20160630.htm"
    },
    {
        "date": "2016-03-31",
        "symbol": "BLK",
        "reportedCurrency": "USD",
        "fillingDate": "2016-05-10",
        "acceptedDate": "2016-05-09 18:30:45",
        "period": "Q1",
        "revenue": 2624000000,
        "costOfRevenue": 1242000000,
        "grossProfit": 1382000000,
        "grossProfitRatio": 0.5266768292682927,
        "researchAndDevelopmentExpenses": 0.0,
        "generalAndAdministrativeExpenses": 232000000,
        "sellingAndMarketingExpenses": 86000000,
        "otherExpenses": 0.0,
        "operatingExpenses": 343000000,
        "costAndExpenses": 1585000000,
        "interestExpense": 51000000,
        "depreciationAndAmortization": 56000000,
        "ebitda": 1095000000,
        "ebitdaratio": 0.4173018292682927,
        "operatingIncome": 1039000000,
        "operatingIncomeRatio": 0.3959603658536585,
        "totalOtherIncomeExpensesNet": -78000000,
        "incomeBeforeTax": 915000000,
        "incomeBeforeTaxRatio": 0.3487042682926829,
        "incomeTaxExpense": 268000000,
        "netIncome": 657000000,
        "netIncomeRatio": 0.2503810975609756,
        "eps": 3.97,
        "epsdiluted": 3.92,
        "weightedAverageShsOut": 165388130,
        "weightedAverageShsOutDil": 167398938,
        "link": "https://www.sec.gov/Archives/edgar/data/1364742/000156459016018688/0001564590-16-018688-index.htm",
        "finalLink": "https://www.sec.gov/Archives/edgar/data/1364742/000156459016013511/blk-10k_20151231.htm"
    },
    {
        "date": "2015-12-31",
        "symbol": "BLK",
        "reportedCurrency": "USD",
        "fillingDate": "2016-02-26",
        "acceptedDate": "2016-02-26 13:40:10",
        "period": "Q4",
        "revenue": 2863000000,
        "costOfRevenue": 1292000000,
        "grossProfit": 1571000000,
        "grossProfitRatio": 0.5487251135172896,
        "researchAndDevelopmentExpenses": 0.0,
        "generalAndAdministrativeExpenses": 296000000,
        "sellingAndMarketingExpenses": 114000000,
        "otherExpenses": 0.0,
        "operatingExpenses": 434000000,
        "costAndExpenses": 1726000000,
        "interestExpense": 51000000,
        "depreciationAndAmortization": 51000000,
        "ebitda": 1188000000,
        "ebitdaratio": 0.4149493538246595,
        "operatingIncome": 1137000000,
        "operatingIncomeRatio": 0.3971358714634998,
        "totalOtherIncomeExpensesNet": 57000000,
        "incomeBeforeTax": 1148000000,
        "incomeBeforeTaxRatio": 0.40097799511002447,
        "incomeTaxExpense": 279000000,
        "netIncome": 861000000,
        "netIncomeRatio": 0.30073349633251834,
        "eps": 5.19,
        "epsdiluted": 5.11,
        "weightedAverageShsOut": 165826808,
        "weightedAverageShsOutDil": 168632558,
        "link": "https://www.sec.gov/Archives/edgar/data/1364742/000156459016013511/0001564590-16-013511-index.htm",
        "finalLink": "https://www.sec.gov/Archives/edgar/data/1364742/000156459016013511/blk-10k_20151231.htm"
    },
    {
        "date": "2015-09-30",
        "symbol": "BLK",
        "reportedCurrency": "USD",
        "fillingDate": "2015-11-06",
        "acceptedDate": "2015-11-06 12:35:27",
        "period": "Q3",
        "revenue": 2910000000,
        "costOfRevenue": 1335000000,
        "grossProfit": 1575000000,
        "grossProfitRatio": 0.5412371134020618,
        "researchAndDevelopmentExpenses": 0.0,
        "generalAndAdministrativeExpenses": 243000000,
        "sellingAndMarketingExpenses": 76000000,
        "otherExpenses": 0.0,
        "operatingExpenses": 353000000,
        "costAndExpenses": 1688000000,
        "interestExpense": 50000000,
        "depreciationAndAmortization": 68000000,
        "ebitda": 1290000000,
        "ebitdaratio": 0.44329896907216493,
        "operatingIncome": 1222000000,
        "operatingIncomeRatio": 0.41993127147766324,
        "totalOtherIncomeExpensesNet": -10000000,
        "incomeBeforeTax": 1174000000,
        "incomeBeforeTaxRatio": 0.4034364261168385,
        "incomeTaxExpense": 342000000,
        "netIncome": 843000000,
        "netIncomeRatio": 0.28969072164948456,
        "eps": 5.08,
        "epsdiluted": 5.0,
        "weightedAverageShsOut": 166045291,
        "weightedAverageShsOutDil": 168665303,
        "link": "https://www.sec.gov/Archives/edgar/data/1364742/000156459015009883/0001564590-15-009883-index.htm",
        "finalLink": "https://www.sec.gov/Archives/edgar/data/1364742/000156459015009883/blk-10q_20150930.htm"
    },
    {
        "date": "2015-06-30",
        "symbol": "BLK",
        "reportedCurrency": "USD",
        "fillingDate": "2015-08-07",
        "acceptedDate": "2015-08-07 16:43:13",
        "period": "Q2",
        "revenue": 2905000000,
        "costOfRevenue": 1320000000,
        "grossProfit": 1585000000,
        "grossProfitRatio": 0.5456110154905336,
        "researchAndDevelopmentExpenses": 0.0,
        "generalAndAdministrativeExpenses": 232000000,
        "sellingAndMarketingExpenses": 80000000,
        "otherExpenses": 0.0,
        "operatingExpenses": 347000000,
        "costAndExpenses": 1667000000,
        "interestExpense": 52000000,
        "depreciationAndAmortization": 65000000,
        "ebitda": 1303000000,
        "ebitdaratio": 0.4485370051635112,
        "operatingIncome": 1238000000,
        "operatingIncomeRatio": 0.4261617900172117,
        "totalOtherIncomeExpensesNet": 6000000.0,
        "incomeBeforeTax": 1197000000,
        "incomeBeforeTaxRatio": 0.41204819277108434,
        "incomeTaxExpense": 371000000,
        "netIncome": 819000000,
        "netIncomeRatio": 0.2819277108433735,
        "eps": 4.92,
        "epsdiluted": 4.84,
        "weightedAverageShsOut": 166616558,
        "weightedAverageShsOutDil": 169114759,
        "link": "https://www.sec.gov/Archives/edgar/data/1364742/000119312515283171/0001193125-15-283171-index.htm",
        "finalLink": "https://www.sec.gov/Archives/edgar/data/1364742/000119312515283171/d14172d10q.htm"
    },
    {
        "date": "2015-03-31",
        "symbol": "BLK",
        "reportedCurrency": "USD",
        "fillingDate": "2015-05-08",
        "acceptedDate": "2015-05-08 13:17:37",
        "period": "Q1",
        "revenue": 2723000000,
        "costOfRevenue": 1282000000,
        "grossProfit": 1441000000,
        "grossProfitRatio": 0.5291957399926551,
        "researchAndDevelopmentExpenses": 0.0,
        "generalAndAdministrativeExpenses": 339000000,
        "sellingAndMarketingExpenses": 0.0,
        "otherExpenses": 0.0,
        "operatingExpenses": 374000000,
        "costAndExpenses": 1656000000,
        "interestExpense": 51000000,
        "depreciationAndAmortization": 63000000,
        "ebitda": 1130000000,
        "ebitdaratio": 0.41498347410943814,
        "operatingIncome": 1067000000,
        "operatingIncomeRatio": 0.39184722732280575,
        "totalOtherIncomeExpensesNet": 98000000,
        "incomeBeforeTax": 1118000000,
        "incomeBeforeTaxRatio": 0.4105765699596034,
        "incomeTaxExpense": 258000000,
        "netIncome": 822000000,
        "netIncomeRatio": 0.3018729342636798,
        "eps": 4.92,
        "epsdiluted": 4.84,
        "weightedAverageShsOut": 167089037,
        "weightedAverageShsOutDil": 169723167,
        "link": "https://www.sec.gov/Archives/edgar/data/1364742/000119312515179094/0001193125-15-179094-index.htm",
        "finalLink": "https://www.sec.gov/Archives/edgar/data/1364742/000119312515069955/d822114d10k.htm"
    },
    {
        "date": "2014-12-31",
        "symbol": "BLK",
        "reportedCurrency": "USD",
        "fillingDate": "2015-02-27",
        "acceptedDate": "2015-02-27 16:34:29",
        "period": "Q4",
        "revenue": 2784000000,
        "costOfRevenue": 1218000000,
        "grossProfit": 1566000000,
        "grossProfitRatio": 0.5625,
        "researchAndDevelopmentExpenses": 0.0,
        "generalAndAdministrativeExpenses": -76000000,
        "sellingAndMarketingExpenses": 0.0,
        "otherExpenses": 0.0,
        "operatingExpenses": 372000000,
        "costAndExpenses": 1590000000,
        "interestExpense": 58000000,
        "depreciationAndAmortization": 63000000,
        "ebitda": 1257000000,
        "ebitdaratio": 0.4515086206896552,
        "operatingIncome": 1194000000,
        "operatingIncomeRatio": 0.42887931034482757,
        "totalOtherIncomeExpensesNet": -58000000,
        "incomeBeforeTax": 1084000000,
        "incomeBeforeTaxRatio": 0.38936781609195403,
        "incomeTaxExpense": 278000000,
        "netIncome": 813000000,
        "netIncomeRatio": 0.2920258620689655,
        "eps": 4.86,
        "epsdiluted": 4.77,
        "weightedAverageShsOut": 167197844,
        "weightedAverageShsOutDil": 170367445,
        "link": "https://www.sec.gov/Archives/edgar/data/1364742/000119312515069955/0001193125-15-069955-index.htm",
        "finalLink": "https://www.sec.gov/Archives/edgar/data/1364742/000119312515069955/d822114d10k.htm"
    },
    {
        "date": "2014-09-30",
        "symbol": "BLK",
        "reportedCurrency": "USD",
        "fillingDate": "2014-11-07",
        "acceptedDate": "2014-11-07 15:06:37",
        "period": "Q3",
        "revenue": 2849000000,
        "costOfRevenue": 1276000000,
        "grossProfit": 1573000000,
        "grossProfitRatio": 0.5521235521235521,
        "researchAndDevelopmentExpenses": 0.0,
        "generalAndAdministrativeExpenses": 376000000,
        "sellingAndMarketingExpenses": 0.0,
        "otherExpenses": 0.0,
        "operatingExpenses": 416000000,
        "costAndExpenses": 1692000000,
        "interestExpense": 61000000,
        "depreciationAndAmortization": 70000000,
        "ebitda": 1227000000,
        "ebitdaratio": 0.4306774306774307,
        "operatingIncome": 1157000000,
        "operatingIncomeRatio": 0.4061074061074061,
        "totalOtherIncomeExpensesNet": -1000000.0,
        "incomeBeforeTax": 1105000000,
        "incomeBeforeTaxRatio": 0.38785538785538787,
        "incomeTaxExpense": 232000000,
        "netIncome": 917000000,
        "netIncomeRatio": 0.32186732186732187,
        "eps": 5.46,
        "epsdiluted": 5.37,
        "weightedAverageShsOut": 167933040,
        "weightedAverageShsOutDil": 170778766,
        "link": "https://www.sec.gov/Archives/edgar/data/1364742/000119312514403120/0001193125-14-403120-index.htm",
        "finalLink": "https://www.sec.gov/Archives/edgar/data/1364742/000119312514403120/d800369d10q.htm"
    },
    {
        "date": "2014-06-30",
        "symbol": "BLK",
        "reportedCurrency": "USD",
        "fillingDate": "2014-08-08",
        "acceptedDate": "2014-08-08 10:57:27",
        "period": "Q2",
        "revenue": 2778000000,
        "costOfRevenue": 1238000000,
        "grossProfit": 1540000000,
        "grossProfitRatio": 0.5543556515478761,
        "researchAndDevelopmentExpenses": 0.0,
        "generalAndAdministrativeExpenses": 377000000,
        "sellingAndMarketingExpenses": 0.0,
        "otherExpenses": 0.0,
        "operatingExpenses": 418000000,
        "costAndExpenses": 1656000000,
        "interestExpense": 60000000,
        "depreciationAndAmortization": 72000000,
        "ebitda": 1194000000,
        "ebitdaratio": 0.4298056155507559,
        "operatingIncome": 1122000000,
        "operatingIncomeRatio": 0.4038876889848812,
        "totalOtherIncomeExpensesNet": 73000000,
        "incomeBeforeTax": 1138000000,
        "incomeBeforeTaxRatio": 0.40964722822174227,
        "incomeTaxExpense": 297000000,
        "netIncome": 808000000,
        "netIncomeRatio": 0.2908567314614831,
        "eps": 4.79,
        "epsdiluted": 4.72,
        "weightedAverageShsOut": 168712221,
        "weightedAverageShsOutDil": 171150153,
        "link": "https://www.sec.gov/Archives/edgar/data/1364742/000119312514302181/0001193125-14-302181-index.htm",
        "finalLink": "https://www.sec.gov/Archives/edgar/data/1364742/000119312514302181/d756612d10q.htm"
    },
    {
        "date": "2014-03-31",
        "symbol": "BLK",
        "reportedCurrency": "USD",
        "fillingDate": "2014-05-09",
        "acceptedDate": "2014-05-09 14:55:06",
        "period": "Q1",
        "revenue": 2670000000,
        "costOfRevenue": 1265000000,
        "grossProfit": 1405000000,
        "grossProfitRatio": 0.5262172284644194,
        "researchAndDevelopmentExpenses": 0.0,
        "generalAndAdministrativeExpenses": 313000000,
        "sellingAndMarketingExpenses": 0.0,
        "otherExpenses": 0.0,
        "operatingExpenses": 354000000,
        "costAndExpenses": 1619000000,
        "interestExpense": 53000000,
        "depreciationAndAmortization": 73000000,
        "ebitda": 1124000000,
        "ebitdaratio": 0.4209737827715356,
        "operatingIncome": 1051000000,
        "operatingIncomeRatio": 0.3936329588014981,
        "totalOtherIncomeExpensesNet": 60000000,
        "incomeBeforeTax": 1068000000,
        "incomeBeforeTaxRatio": 0.4,
        "incomeTaxExpense": 324000000,
        "netIncome": 756000000,
        "netIncomeRatio": 0.28314606741573034,
        "eps": 4.47,
        "epsdiluted": 4.4,
        "weightedAverageShsOut": 169081421,
        "weightedAverageShsOutDil": 171933803,
        "link": "https://www.sec.gov/Archives/edgar/data/1364742/000119312514192207/0001193125-14-192207-index.htm",
        "finalLink": "https://www.sec.gov/Archives/edgar/data/1364742/000119312514076587/d641151d10k.htm"
    },
    {
        "date": "2013-12-31",
        "symbol": "BLK",
        "reportedCurrency": "USD",
        "fillingDate": "2014-02-28",
        "acceptedDate": "2014-02-28 14:29:28",
        "period": "Q4",
        "revenue": 2777000000,
        "costOfRevenue": 1193000000,
        "grossProfit": 1584000000,
        "grossProfitRatio": 0.5703997119193374,
        "researchAndDevelopmentExpenses": 0.0,
        "generalAndAdministrativeExpenses": 410000000,
        "sellingAndMarketingExpenses": 0.0,
        "otherExpenses": 0.0,
        "operatingExpenses": 451000000,
        "costAndExpenses": 1644000000,
        "interestExpense": 52000000,
        "depreciationAndAmortization": 76000000,
        "ebitda": 1209000000,
        "ebitdaratio": 0.43536190133237307,
        "operatingIncome": 1133000000,
        "operatingIncomeRatio": 0.4079942383867483,
        "totalOtherIncomeExpensesNet": 72000000,
        "incomeBeforeTax": 1157000000,
        "incomeBeforeTaxRatio": 0.416636658264314,
        "incomeTaxExpense": 307000000,
        "netIncome": 841000000,
        "netIncomeRatio": 0.30284479654303204,
        "eps": 4.98,
        "epsdiluted": 4.86,
        "weightedAverageShsOut": 169010606,
        "weightedAverageShsOutDil": 172999529,
        "link": "https://www.sec.gov/Archives/edgar/data/1364742/000119312514076587/0001193125-14-076587-index.htm",
        "finalLink": "https://www.sec.gov/Archives/edgar/data/1364742/000119312514076587/d641151d10k.htm"
    },
    {
        "date": "2013-09-30",
        "symbol": "BLK",
        "reportedCurrency": "USD",
        "fillingDate": "2013-11-08",
        "acceptedDate": "2013-11-08 14:22:06",
        "period": "Q3",
        "revenue": 2472000000,
        "costOfRevenue": 1132000000,
        "grossProfit": 1340000000,
        "grossProfitRatio": 0.5420711974110033,
        "researchAndDevelopmentExpenses": 0.0,
        "generalAndAdministrativeExpenses": 334000000,
        "sellingAndMarketingExpenses": 0.0,
        "otherExpenses": 0.0,
        "operatingExpenses": 374000000,
        "costAndExpenses": 1506000000,
        "interestExpense": 52000000,
        "depreciationAndAmortization": 71000000,
        "ebitda": 1037000000,
        "ebitdaratio": 0.41949838187702265,
        "operatingIncome": 966000000,
        "operatingIncomeRatio": 0.3907766990291262,
        "totalOtherIncomeExpensesNet": 26000000,
        "incomeBeforeTax": 948000000,
        "incomeBeforeTaxRatio": 0.38349514563106796,
        "incomeTaxExpense": 219000000,
        "netIncome": 730000000,
        "netIncomeRatio": 0.2953074433656958,
        "eps": 4.3,
        "epsdiluted": 4.21,
        "weightedAverageShsOut": 169811633,
        "weightedAverageShsOutDil": 173371508,
        "link": "https://www.sec.gov/Archives/edgar/data/1364742/000119312513434891/0001193125-13-434891-index.htm",
        "finalLink": "https://www.sec.gov/Archives/edgar/data/1364742/000119312513434891/d584518d10q.htm"
    },
    {
        "date": "2013-06-30",
        "symbol": "BLK",
        "reportedCurrency": "USD",
        "fillingDate": "2013-08-08",
        "acceptedDate": "2013-08-08 16:20:02",
        "period": "Q2",
        "revenue": 2482000000,
        "costOfRevenue": 1128000000,
        "grossProfit": 1354000000,
        "grossProfitRatio": 0.5455278001611603,
        "researchAndDevelopmentExpenses": 0.0,
        "generalAndAdministrativeExpenses": 465000000,
        "sellingAndMarketingExpenses": 0.0,
        "otherExpenses": 0.0,
        "operatingExpenses": 505000000,
        "costAndExpenses": 1633000000,
        "interestExpense": 53000000,
        "depreciationAndAmortization": 72000000,
        "ebitda": 921000000,
        "ebitdaratio": 0.37107171635777597,
        "operatingIncome": 849000000,
        "operatingIncomeRatio": 0.34206285253827556,
        "totalOtherIncomeExpensesNet": 118000000,
        "incomeBeforeTax": 918000000,
        "incomeBeforeTaxRatio": 0.3698630136986301,
        "incomeTaxExpense": 212000000,
        "netIncome": 729000000,
        "netIncomeRatio": 0.2937147461724416,
        "eps": 4.27,
        "epsdiluted": 4.19,
        "weightedAverageShsOut": 170648731,
        "weightedAverageShsOutDil": 173873583,
        "link": "https://www.sec.gov/Archives/edgar/data/1364742/000119312513326890/0001193125-13-326890-index.htm",
        "finalLink": "https://www.sec.gov/Archives/edgar/data/1364742/000119312513326890/d539907d10q.htm"
    },
    {
        "date": "2013-03-31",
        "symbol": "BLK",
        "reportedCurrency": "USD",
        "fillingDate": "2013-05-09",
        "acceptedDate": "2013-05-09 14:06:08",
        "period": "Q1",
        "revenue": 2449000000,
        "costOfRevenue": 1169000000,
        "grossProfit": 1280000000,
        "grossProfitRatio": 0.5226623111474071,
        "researchAndDevelopmentExpenses": 0.0,
        "generalAndAdministrativeExpenses": 331000000,
        "sellingAndMarketingExpenses": 0.0,
        "otherExpenses": 0.0,
        "operatingExpenses": 371000000,
        "costAndExpenses": 1540000000,
        "interestExpense": 54000000,
        "depreciationAndAmortization": 72000000,
        "ebitda": 981000000,
        "ebitdaratio": 0.40057166190281746,
        "operatingIncome": 909000000,
        "operatingIncomeRatio": 0.37117190690077584,
        "totalOtherIncomeExpensesNet": 89000000,
        "incomeBeforeTax": 950000000,
        "incomeBeforeTaxRatio": 0.38791343405471623,
        "incomeTaxExpense": 284000000,
        "netIncome": 632000000,
        "netIncomeRatio": 0.25806451612903225,
        "eps": 3.69,
        "epsdiluted": 3.62,
        "weightedAverageShsOut": 171301800,
        "weightedAverageShsOutDil": 174561132,
        "link": "https://www.sec.gov/Archives/edgar/data/1364742/000119312513210506/0001193125-13-210506-index.htm",
        "finalLink": "https://www.sec.gov/Archives/edgar/data/1364742/000119312513084957/d439552d10k.htm"
    },
    {
        "date": "2012-12-31",
        "symbol": "BLK",
        "reportedCurrency": "USD",
        "fillingDate": "2013-03-01",
        "acceptedDate": "2013-02-28 17:48:24",
        "period": "Q4",
        "revenue": 2539000000,
        "costOfRevenue": 4015000000,
        "grossProfit": -1476000000,
        "grossProfitRatio": -0.5813312327688066,
        "researchAndDevelopmentExpenses": 0.0,
        "generalAndAdministrativeExpenses": -2478000000,
        "sellingAndMarketingExpenses": 0.0,
        "otherExpenses": 0.0,
        "operatingExpenses": 1534000000,
        "costAndExpenses": 1534000000,
        "interestExpense": 57000000,
        "depreciationAndAmortization": 76000000,
        "ebitda": 1081000000,
        "ebitdaratio": 0.4257581725088618,
        "operatingIncome": 1005000000,
        "operatingIncomeRatio": 0.39582512800315084,
        "totalOtherIncomeExpensesNet": -19000000,
        "incomeBeforeTax": 938000000,
        "incomeBeforeTaxRatio": 0.3694367861362741,
        "incomeTaxExpense": 288000000,
        "netIncome": 690000000,
        "netIncomeRatio": 0.2717605356439543,
        "eps": 4.02,
        "epsdiluted": 3.93,
        "weightedAverageShsOut": 171518278,
        "weightedAverageShsOutDil": 175176037,
        "link": "https://www.sec.gov/Archives/edgar/data/1364742/000119312513084957/0001193125-13-084957-index.htm",
        "finalLink": "https://www.sec.gov/Archives/edgar/data/1364742/000119312513084957/d439552d10k.htm"
    },
    {
        "date": "2012-09-30",
        "symbol": "BLK",
        "reportedCurrency": "USD",
        "fillingDate": "2012-11-08",
        "acceptedDate": "2012-11-08 17:02:05",
        "period": "Q3",
        "revenue": 2320000000,
        "costOfRevenue": 94000000,
        "grossProfit": 2226000000,
        "grossProfitRatio": 0.9594827586206897,
        "researchAndDevelopmentExpenses": 0.0,
        "generalAndAdministrativeExpenses": 1299000000,
        "sellingAndMarketingExpenses": 0.0,
        "otherExpenses": 0.0,
        "operatingExpenses": 1351000000,
        "costAndExpenses": 1445000000,
        "interestExpense": 57000000,
        "depreciationAndAmortization": 74000000,
        "ebitda": 949000000,
        "ebitdaratio": 0.40905172413793106,
        "operatingIncome": 875000000,
        "operatingIncomeRatio": 0.3771551724137931,
        "totalOtherIncomeExpensesNet": 77000000,
        "incomeBeforeTax": 905000000,
        "incomeBeforeTaxRatio": 0.3900862068965517,
        "incomeTaxExpense": 250000000,
        "netIncome": 642000000,
        "netIncomeRatio": 0.2767241379310345,
        "eps": 3.72,
        "epsdiluted": 3.65,
        "weightedAverageShsOut": 172359141,
        "weightedAverageShsOutDil": 175450532,
        "link": "https://www.sec.gov/Archives/edgar/data/1364742/000119312512460708/0001193125-12-460708-index.htm",
        "finalLink": "https://www.sec.gov/Archives/edgar/data/1364742/000119312512460708/d406649d10q.htm"
    },
    {
        "date": "2012-06-30",
        "symbol": "BLK",
        "reportedCurrency": "USD",
        "fillingDate": "2012-08-08",
        "acceptedDate": "2012-08-08 15:00:59",
        "period": "Q2",
        "revenue": 2229000000,
        "costOfRevenue": 93000000,
        "grossProfit": 2136000000,
        "grossProfitRatio": 0.9582772543741588,
        "researchAndDevelopmentExpenses": 0.0,
        "generalAndAdministrativeExpenses": 1254000000,
        "sellingAndMarketingExpenses": 0.0,
        "otherExpenses": 0.0,
        "operatingExpenses": 1307000000,
        "costAndExpenses": 1400000000,
        "interestExpense": 52000000,
        "depreciationAndAmortization": 72000000,
        "ebitda": 901000000,
        "ebitdaratio": 0.40421713772992374,
        "operatingIncome": 829000000,
        "operatingIncomeRatio": 0.37191565724540154,
        "totalOtherIncomeExpensesNet": 4000000.0,
        "incomeBeforeTax": 789000000,
        "incomeBeforeTaxRatio": 0.35397039030955585,
        "incomeTaxExpense": 229000000,
        "netIncome": 554000000,
        "netIncomeRatio": 0.24854194706146254,
        "eps": 3.13,
        "epsdiluted": 3.08,
        "weightedAverageShsOut": 177010239,
        "weightedAverageShsOutDil": 179590702,
        "link": "https://www.sec.gov/Archives/edgar/data/1364742/000119312512343728/0001193125-12-343728-index.htm",
        "finalLink": "https://www.sec.gov/Archives/edgar/data/1364742/000119312512343728/d363785d10q.htm"
    },
    {
        "date": "2012-03-31",
        "symbol": "BLK",
        "reportedCurrency": "USD",
        "fillingDate": "2012-05-09",
        "acceptedDate": "2012-05-09 15:32:45",
        "period": "Q1",
        "revenue": 2249000000,
        "costOfRevenue": 95000000,
        "grossProfit": 2154000000,
        "grossProfitRatio": 0.9577590040017786,
        "researchAndDevelopmentExpenses": 0.0,
        "generalAndAdministrativeExpenses": 1284000000,
        "sellingAndMarketingExpenses": 0.0,
        "otherExpenses": 0.0,
        "operatingExpenses": 1339000000,
        "costAndExpenses": 1434000000,
        "interestExpense": 49000000,
        "depreciationAndAmortization": 73000000,
        "ebitda": 888000000,
        "ebitdaratio": 0.3948421520675856,
        "operatingIncome": 815000000,
        "operatingIncomeRatio": 0.36238328145842597,
        "totalOtherIncomeExpensesNet": 63000000,
        "incomeBeforeTax": 838000000,
        "incomeBeforeTaxRatio": 0.37261004891062693,
        "incomeTaxExpense": 263000000,
        "netIncome": 572000000,
        "netIncomeRatio": 0.2543352601156069,
        "eps": 3.19,
        "epsdiluted": 3.14,
        "weightedAverageShsOut": 179022840,
        "weightedAverageShsOutDil": 181917864,
        "link": "https://www.sec.gov/Archives/edgar/data/1364742/000119312512221839/0001193125-12-221839-index.htm",
        "finalLink": "https://www.sec.gov/Archives/edgar/data/1364742/000119312512085869/d270105d10k.htm"
    },
    {
        "date": "2011-12-31",
        "symbol": "BLK",
        "reportedCurrency": "USD",
        "fillingDate": "2012-02-28",
        "acceptedDate": "2012-02-28 17:27:56",
        "period": "Q4",
        "revenue": 2227000000,
        "costOfRevenue": 87000000,
        "grossProfit": 2140000000,
        "grossProfitRatio": 0.9609339919173776,
        "researchAndDevelopmentExpenses": 0.0,
        "generalAndAdministrativeExpenses": 1243000000,
        "sellingAndMarketingExpenses": 0.0,
        "otherExpenses": 0.0,
        "operatingExpenses": 1300000000,
        "costAndExpenses": 1387000000,
        "interestExpense": 48000000,
        "depreciationAndAmortization": 77000000,
        "ebitda": 917000000,
        "ebitdaratio": 0.4117647058823529,
        "operatingIncome": 840000000,
        "operatingIncomeRatio": 0.37718904355635385,
        "totalOtherIncomeExpensesNet": 14000000,
        "incomeBeforeTax": 815000000,
        "incomeBeforeTaxRatio": 0.3659631791647957,
        "incomeTaxExpense": 232000000,
        "netIncome": 555000000,
        "netIncomeRatio": 0.24921418949259094,
        "eps": 3.100163085335927,
        "epsdiluted": 3.100163085335927,
        "weightedAverageShsOut": 179022840,
        "weightedAverageShsOutDil": 179022840,
        "link": "https://www.sec.gov/Archives/edgar/data/1364742/000119312512085869/0001193125-12-085869-index.htm",
        "finalLink": "https://www.sec.gov/Archives/edgar/data/1364742/000119312512085869/d270105d10k.htm"
    },
    {
        "date": "2011-09-30",
        "symbol": "BLK",
        "reportedCurrency": "USD",
        "fillingDate": "2011-11-09",
        "acceptedDate": "2011-11-08 18:46:58",
        "period": "Q3",
        "revenue": 2225000000,
        "costOfRevenue": 90000000,
        "grossProfit": 2135000000,
        "grossProfitRatio": 0.9595505617977528,
        "researchAndDevelopmentExpenses": 0.0,
        "generalAndAdministrativeExpenses": 1299000000,
        "sellingAndMarketingExpenses": 0.0,
        "otherExpenses": 0.0,
        "operatingExpenses": 1358000000,
        "costAndExpenses": 1448000000,
        "interestExpense": 49000000,
        "depreciationAndAmortization": 76000000,
        "ebitda": 853000000,
        "ebitdaratio": 0.3833707865168539,
        "operatingIncome": 777000000,
        "operatingIncomeRatio": 0.3492134831460674,
        "totalOtherIncomeExpensesNet": -75000000,
        "incomeBeforeTax": 665000000,
        "incomeBeforeTaxRatio": 0.298876404494382,
        "incomeTaxExpense": 95000000,
        "netIncome": 595000000,
        "netIncomeRatio": 0.26741573033707866,
        "eps": 3.28,
        "epsdiluted": 3.23,
        "weightedAverageShsOut": 179034837,
        "weightedAverageShsOutDil": 181825329,
        "link": "https://www.sec.gov/Archives/edgar/data/1364742/000119312511302591/0001193125-11-302591-index.htm",
        "finalLink": "https://www.sec.gov/Archives/edgar/data/1364742/000119312511302591/d231913d10q.htm"
    },
    {
        "date": "2011-06-30",
        "symbol": "BLK",
        "reportedCurrency": "USD",
        "fillingDate": "2011-08-08",
        "acceptedDate": "2011-08-08 16:25:09",
        "period": "Q2",
        "revenue": 2347000000,
        "costOfRevenue": 100000000,
        "grossProfit": 2247000000,
        "grossProfitRatio": 0.9573924158500213,
        "researchAndDevelopmentExpenses": 0.0,
        "generalAndAdministrativeExpenses": 1322000000,
        "sellingAndMarketingExpenses": 0.0,
        "otherExpenses": 0.0,
        "operatingExpenses": 1381000000,
        "costAndExpenses": 1481000000,
        "interestExpense": 41000000,
        "depreciationAndAmortization": 73000000,
        "ebitda": 939000000,
        "ebitdaratio": 0.4000852151683,
        "operatingIncome": 866000000,
        "operatingIncomeRatio": 0.3689816787388155,
        "totalOtherIncomeExpensesNet": 13000000,
        "incomeBeforeTax": 842000000,
        "incomeBeforeTaxRatio": 0.3587558585428206,
        "incomeTaxExpense": 220000000,
        "netIncome": 619000000,
        "netIncomeRatio": 0.2637409458883681,
        "eps": 3.26,
        "epsdiluted": 3.21,
        "weightedAverageShsOut": 187870001,
        "weightedAverageShsOutDil": 190579963,
        "link": "https://www.sec.gov/Archives/edgar/data/1364742/000119312511214280/0001193125-11-214280-index.htm",
        "finalLink": "https://www.sec.gov/Archives/edgar/data/1364742/000119312511214280/d10q.htm"
    },
    {
        "date": "2011-03-31",
        "symbol": "BLK",
        "reportedCurrency": "USD",
        "fillingDate": "2011-05-09",
        "acceptedDate": "2011-05-09 16:09:58",
        "period": "Q1",
        "revenue": 2282000000,
        "costOfRevenue": 939000000,
        "grossProfit": 1343000000,
        "grossProfitRatio": 0.5885188431200701,
        "researchAndDevelopmentExpenses": 0.0,
        "generalAndAdministrativeExpenses": 0.0,
        "sellingAndMarketingExpenses": 0.0,
        "otherExpenses": 0.0,
        "operatingExpenses": 545000000,
        "costAndExpenses": 1484000000,
        "interestExpense": 38000000,
        "depreciationAndAmortization": 73000000,
        "ebitda": 871000000,
        "ebitdaratio": 0.3816827344434706,
        "operatingIncome": 798000000,
        "operatingIncomeRatio": 0.3496932515337423,
        "totalOtherIncomeExpensesNet": 44000000,
        "incomeBeforeTax": 813000000,
        "incomeBeforeTaxRatio": 0.35626643295354954,
        "incomeTaxExpense": 249000000,
        "netIncome": 568000000,
        "netIncomeRatio": 0.24890446976336547,
        "eps": 2.92,
        "epsdiluted": 2.89,
        "weightedAverageShsOut": 191797365,
        "weightedAverageShsOutDil": 194296504,
        "link": "https://www.sec.gov/Archives/edgar/data/1364742/000119312511132329/0001193125-11-132329-index.htm",
        "finalLink": "https://www.sec.gov/Archives/edgar/data/1364742/000119312511050218/d10k.htm"
    },
    {
        "date": "2010-12-31",
        "symbol": "BLK",
        "reportedCurrency": "USD",
        "fillingDate": "2011-02-28",
        "acceptedDate": "2011-02-28 17:20:47",
        "period": "Q4",
        "revenue": 2493000000,
        "costOfRevenue": 106000000,
        "grossProfit": 2387000000,
        "grossProfitRatio": 0.9574809466506218,
        "researchAndDevelopmentExpenses": 0.0,
        "generalAndAdministrativeExpenses": 1384000000,
        "sellingAndMarketingExpenses": 0.0,
        "otherExpenses": 0.0,
        "operatingExpenses": 1447000000,
        "costAndExpenses": 1553000000,
        "interestExpense": 35000000,
        "depreciationAndAmortization": 79000000,
        "ebitda": 1019000000,
        "ebitdaratio": 0.40874448455675894,
        "operatingIncome": 940000000,
        "operatingIncomeRatio": 0.37705575611712794,
        "totalOtherIncomeExpensesNet": 43000000,
        "incomeBeforeTax": 958000000,
        "incomeBeforeTaxRatio": 0.3842759727236262,
        "incomeTaxExpense": 309000000,
        "netIncome": 657000000,
        "netIncomeRatio": 0.26353790613718414,
        "eps": 3.4254902302750616,
        "epsdiluted": 3.4254902302750616,
        "weightedAverageShsOut": 191797365,
        "weightedAverageShsOutDil": 191797365,
        "link": "https://www.sec.gov/Archives/edgar/data/1364742/000119312511050218/0001193125-11-050218-index.htm",
        "finalLink": "https://www.sec.gov/Archives/edgar/data/1364742/000119312511050218/d10k.htm"
    },
    {
        "date": "2010-09-30",
        "symbol": "BLK",
        "reportedCurrency": "USD",
        "fillingDate": "2010-11-08",
        "acceptedDate": "2010-11-08 06:11:27",
        "period": "Q3",
        "revenue": 2092000000,
        "costOfRevenue": 105000000,
        "grossProfit": 1987000000,
        "grossProfitRatio": 0.9498087954110899,
        "researchAndDevelopmentExpenses": 0.0,
        "generalAndAdministrativeExpenses": 1214000000,
        "sellingAndMarketingExpenses": 0.0,
        "otherExpenses": 0.0,
        "operatingExpenses": 1280000000,
        "costAndExpenses": 1385000000,
        "interestExpense": 37000000,
        "depreciationAndAmortization": 74000000,
        "ebitda": 781000000,
        "ebitdaratio": 0.37332695984703634,
        "operatingIncome": 707000000,
        "operatingIncomeRatio": 0.33795411089866156,
        "totalOtherIncomeExpensesNet": 105000000,
        "incomeBeforeTax": 785000000,
        "incomeBeforeTaxRatio": 0.37523900573613767,
        "incomeTaxExpense": 201000000,
        "netIncome": 551000000,
        "netIncomeRatio": 0.26338432122370936,
        "eps": 2.85,
        "epsdiluted": 2.83,
        "weightedAverageShsOut": 190494905,
        "weightedAverageShsOutDil": 192326841,
        "link": "https://www.sec.gov/Archives/edgar/data/1364742/000119312510250991/0001193125-10-250991-index.htm",
        "finalLink": "https://www.sec.gov/Archives/edgar/data/1364742/000119312510250991/d10q.htm"
    },
    {
        "date": "2010-06-30",
        "symbol": "BLK",
        "reportedCurrency": "USD",
        "fillingDate": "2010-08-06",
        "acceptedDate": "2010-08-06 15:01:07",
        "period": "Q2",
        "revenue": 2032000000,
        "costOfRevenue": 806000000,
        "grossProfit": 1226000000,
        "grossProfitRatio": 0.6033464566929134,
        "researchAndDevelopmentExpenses": 0.0,
        "generalAndAdministrativeExpenses": 1049000000,
        "sellingAndMarketingExpenses": 97000000,
        "otherExpenses": 0.0,
        "operatingExpenses": 529000000,
        "costAndExpenses": 1335000000,
        "interestExpense": 38000000,
        "depreciationAndAmortization": 79000000,
        "ebitda": 776000000,
        "ebitdaratio": 0.38188976377952755,
        "operatingIncome": 697000000,
        "operatingIncomeRatio": 0.34301181102362205,
        "totalOtherIncomeExpensesNet": -42000000,
        "incomeBeforeTax": 622000000,
        "incomeBeforeTaxRatio": 0.3061023622047244,
        "incomeTaxExpense": 233000000,
        "netIncome": 432000000,
        "netIncomeRatio": 0.2125984251968504,
        "eps": 2.23,
        "epsdiluted": 2.21,
        "weightedAverageShsOut": 190975161,
        "weightedAverageShsOutDil": 192569539,
        "link": "https://www.sec.gov/Archives/edgar/data/1364742/000119312510181206/0001193125-10-181206-index.htm",
        "finalLink": "https://www.sec.gov/Archives/edgar/data/1364742/000119312510181206/d10q.htm"
    },
    {
        "date": "2010-03-31",
        "symbol": "BLK",
        "reportedCurrency": "USD",
        "fillingDate": "2010-05-10",
        "acceptedDate": "2010-05-10 14:02:01",
        "period": "Q1",
        "revenue": 1995000000,
        "costOfRevenue": 873000000,
        "grossProfit": 1122000000,
        "grossProfitRatio": 0.562406015037594,
        "researchAndDevelopmentExpenses": 0.0,
        "generalAndAdministrativeExpenses": 1062000000,
        "sellingAndMarketingExpenses": 100000000,
        "otherExpenses": 0.0,
        "operatingExpenses": 468000000,
        "costAndExpenses": 1341000000,
        "interestExpense": 40000000,
        "depreciationAndAmortization": 78000000,
        "ebitda": 732000000,
        "ebitdaratio": 0.3669172932330827,
        "operatingIncome": 654000000,
        "operatingIncomeRatio": 0.32781954887218046,
        "totalOtherIncomeExpensesNet": 38000000,
        "incomeBeforeTax": 656000000,
        "incomeBeforeTaxRatio": 0.3288220551378446,
        "incomeTaxExpense": 228000000,
        "netIncome": 423000000,
        "netIncomeRatio": 0.21203007518796993,
        "eps": 2.2,
        "epsdiluted": 2.17,
        "weightedAverageShsOut": 189676023,
        "weightedAverageShsOutDil": 192152251,
        "link": "https://www.sec.gov/Archives/edgar/data/1364742/000119312510114324/0001193125-10-114324-index.htm",
        "finalLink": "https://www.sec.gov/Archives/edgar/data/1364742/000119312510052764/d10k.htm"
    },
    {
        "date": "2009-12-31",
        "symbol": "BLK",
        "reportedCurrency": "USD",
        "fillingDate": "2010-03-10",
        "acceptedDate": "2010-03-10 17:25:57",
        "period": "Q4",
        "revenue": 1544000000,
        "costOfRevenue": -1079000000,
        "grossProfit": 2623000000,
        "grossProfitRatio": 1.6988341968911918,
        "researchAndDevelopmentExpenses": 0.0,
        "generalAndAdministrativeExpenses": 0.0,
        "sellingAndMarketingExpenses": 0.0,
        "otherExpenses": 0.0,
        "operatingExpenses": 2234000000,
        "costAndExpenses": 1155000000,
        "interestExpense": 23000000,
        "depreciationAndAmortization": 64000000,
        "ebitda": 453000000,
        "ebitdaratio": 0.2933937823834197,
        "operatingIncome": 389000000,
        "operatingIncomeRatio": 0.25194300518134716,
        "totalOtherIncomeExpensesNet": 37000000,
        "incomeBeforeTax": 407000000,
        "incomeBeforeTaxRatio": 0.26360103626943004,
        "incomeTaxExpense": 150000000,
        "netIncome": 256000000,
        "netIncomeRatio": 0.16580310880829016,
        "eps": 1.3496697998565692,
        "epsdiluted": 1.3496697998565692,
        "weightedAverageShsOut": 189676023,
        "weightedAverageShsOutDil": 189676023,
        "link": "https://www.sec.gov/Archives/edgar/data/1364742/000119312510052764/0001193125-10-052764-index.htm",
        "finalLink": "https://www.sec.gov/Archives/edgar/data/1364742/000119312510052764/d10k.htm"
    },
    {
        "date": "2009-09-30",
        "symbol": "BLK",
        "reportedCurrency": "USD",
        "fillingDate": "2009-11-06",
        "acceptedDate": "2009-11-06 15:59:01",
        "period": "Q3",
        "revenue": 1140000000,
        "costOfRevenue": 563000000,
        "grossProfit": 577000000,
        "grossProfitRatio": 0.506140350877193,
        "researchAndDevelopmentExpenses": 0.0,
        "generalAndAdministrativeExpenses": 0.0,
        "sellingAndMarketingExpenses": 0.0,
        "otherExpenses": 0.0,
        "operatingExpenses": 220000000,
        "costAndExpenses": 783000000,
        "interestExpense": 15000000,
        "depreciationAndAmortization": 60000000,
        "ebitda": 417000000,
        "ebitdaratio": 0.36578947368421055,
        "operatingIncome": 357000000,
        "operatingIncomeRatio": 0.3131578947368421,
        "totalOtherIncomeExpensesNet": 89000000,
        "incomeBeforeTax": 435000000,
        "incomeBeforeTaxRatio": 0.3815789473684211,
        "incomeTaxExpense": 101000000,
        "netIncome": 317000000,
        "netIncomeRatio": 0.27807017543859647,
        "eps": 2.31,
        "epsdiluted": 2.27,
        "weightedAverageShsOut": 133266379,
        "weightedAverageShsOutDil": 135902241,
        "link": "https://www.sec.gov/Archives/edgar/data/1364742/000119312509227485/0001193125-09-227485-index.htm",
        "finalLink": "https://www.sec.gov/Archives/edgar/data/1364742/000119312509227485/d10q.htm"
    },
    {
        "date": "2009-06-30",
        "symbol": "BLK",
        "reportedCurrency": "USD",
        "fillingDate": "2009-08-07",
        "acceptedDate": "2009-08-07 15:13:33",
        "period": "Q2",
        "revenue": 1029000000,
        "costOfRevenue": 515000000,
        "grossProfit": 514000000,
        "grossProfitRatio": 0.49951409135082603,
        "researchAndDevelopmentExpenses": 0.0,
        "generalAndAdministrativeExpenses": 0.0,
        "sellingAndMarketingExpenses": 0.0,
        "otherExpenses": 0.0,
        "operatingExpenses": 253000000,
        "costAndExpenses": 768000000,
        "interestExpense": 15000000,
        "depreciationAndAmortization": 58000000,
        "ebitda": 319000000,
        "ebitdaratio": 0.3100097181729835,
        "operatingIncome": 261000000,
        "operatingIncomeRatio": 0.2536443148688047,
        "totalOtherIncomeExpensesNet": 88000000,
        "incomeBeforeTax": 338000000,
        "incomeBeforeTaxRatio": 0.32847424684159376,
        "incomeTaxExpense": 94000000,
        "netIncome": 218000000,
        "netIncomeRatio": 0.2118561710398445,
        "eps": 1.62,
        "epsdiluted": 1.59,
        "weightedAverageShsOut": 130928926,
        "weightedAverageShsOutDil": 133364611,
        "link": "https://www.sec.gov/Archives/edgar/data/1364742/000119312509168969/0001193125-09-168969-index.htm",
        "finalLink": "https://www.sec.gov/Archives/edgar/data/1364742/000119312509168969/d10q.htm"
    },
    {
        "date": "2009-03-31",
        "symbol": "BLK",
        "reportedCurrency": "USD",
        "fillingDate": "2009-05-08",
        "acceptedDate": "2009-05-08 16:57:00",
        "period": "Q1",
        "revenue": 987000000,
        "costOfRevenue": 480000000,
        "grossProfit": 507000000,
        "grossProfitRatio": 0.513677811550152,
        "researchAndDevelopmentExpenses": 0.0,
        "generalAndAdministrativeExpenses": 0.0,
        "sellingAndMarketingExpenses": 0.0,
        "otherExpenses": 0.0,
        "operatingExpenses": 214000000,
        "costAndExpenses": 694000000,
        "interestExpense": 15000000,
        "depreciationAndAmortization": 57000000,
        "ebitda": 350000000,
        "ebitdaratio": 0.3546099290780142,
        "operatingIncome": 293000000,
        "operatingIncomeRatio": 0.2968591691995947,
        "totalOtherIncomeExpensesNet": -194000000,
        "incomeBeforeTax": 92000000,
        "incomeBeforeTaxRatio": 0.09321175278622088,
        "incomeTaxExpense": 30000000,
        "netIncome": 84000000,
        "netIncomeRatio": 0.0851063829787234,
        "eps": 0.63,
        "epsdiluted": 0.62,
        "weightedAverageShsOut": 130216218,
        "weightedAverageShsOutDil": 131797189,
        "link": "https://www.sec.gov/Archives/edgar/data/1364742/000119312509105532/0001193125-09-105532-index.htm",
        "finalLink": "https://www.sec.gov/Archives/edgar/data/1364742/000119312509041298/d10k.htm"
    },
    {
        "date": "2008-12-31",
        "symbol": "BLK",
        "reportedCurrency": "USD",
        "fillingDate": "2009-03-02",
        "acceptedDate": "2009-02-27 18:43:16",
        "period": "Q4",
        "revenue": 1063690000,
        "costOfRevenue": -1351612000,
        "grossProfit": 2415302000,
        "grossProfitRatio": 2.2706822476473407,
        "researchAndDevelopmentExpenses": 0.0,
        "generalAndAdministrativeExpenses": 0.0,
        "sellingAndMarketingExpenses": 0.0,
        "otherExpenses": 0.0,
        "operatingExpenses": 2038518000,
        "costAndExpenses": 686906000,
        "interestExpense": 15165000,
        "depreciationAndAmortization": 56515000,
        "ebitda": 433299000,
        "ebitdaratio": 0.407354586392652,
        "operatingIncome": 376784000,
        "operatingIncomeRatio": 0.35422350496855287,
        "totalOtherIncomeExpensesNet": -448492000,
        "incomeBeforeTax": -73741000,
        "incomeBeforeTaxRatio": -0.06932564939032988,
        "incomeTaxExpense": -6937000.0,
        "netIncome": 52545000,
        "netIncomeRatio": 0.04939879100113755,
        "eps": 0.4035211650825245,
        "epsdiluted": 0.4035211650825245,
        "weightedAverageShsOut": 130216218,
        "weightedAverageShsOutDil": 130216218,
        "link": "https://www.sec.gov/Archives/edgar/data/1364742/000119312509041298/0001193125-09-041298-index.htm",
        "finalLink": "https://www.sec.gov/Archives/edgar/data/1364742/000119312509041298/d10k.htm"
    },
    {
        "date": "2008-09-30",
        "symbol": "BLK",
        "reportedCurrency": "USD",
        "fillingDate": "2008-11-07",
        "acceptedDate": "2008-11-07 16:18:34",
        "period": "Q3",
        "revenue": 1313220000,
        "costOfRevenue": 618353000,
        "grossProfit": 694867000,
        "grossProfitRatio": 0.5291322093784743,
        "researchAndDevelopmentExpenses": 0.0,
        "generalAndAdministrativeExpenses": 170917000,
        "sellingAndMarketingExpenses": 0.0,
        "otherExpenses": 0.0,
        "operatingExpenses": 241331000,
        "costAndExpenses": 859684000,
        "interestExpense": 16737000,
        "depreciationAndAmortization": 60139000,
        "ebitda": 513675000,
        "ebitdaratio": 0.3911568510988258,
        "operatingIncome": 453536000,
        "operatingIncomeRatio": 0.3453617824888442,
        "totalOtherIncomeExpensesNet": -142552000,
        "incomeBeforeTax": 313852000,
        "incomeBeforeTaxRatio": 0.2389942279282984,
        "incomeTaxExpense": 117237000,
        "netIncome": 217726000,
        "netIncomeRatio": 0.1657955255022007,
        "eps": 1.68,
        "epsdiluted": 1.62,
        "weightedAverageShsOut": 129793939,
        "weightedAverageShsOutDil": 134012819,
        "link": "https://www.sec.gov/Archives/edgar/data/1364742/000119312508230033/0001193125-08-230033-index.htm",
        "finalLink": "https://www.sec.gov/Archives/edgar/data/1364742/000119312508230033/d10q.htm"
    },
    {
        "date": "2008-06-30",
        "symbol": "BLK",
        "reportedCurrency": "USD",
        "fillingDate": "2008-08-08",
        "acceptedDate": "2008-08-08 13:33:48",
        "period": "Q2",
        "revenue": 1386951000,
        "costOfRevenue": 705572000,
        "grossProfit": 681379000,
        "grossProfitRatio": 0.4912783508573843,
        "researchAndDevelopmentExpenses": 0.0,
        "generalAndAdministrativeExpenses": 0.0,
        "sellingAndMarketingExpenses": 0.0,
        "otherExpenses": 0.0,
        "operatingExpenses": 276389000,
        "costAndExpenses": 981961000,
        "interestExpense": 16720000,
        "depreciationAndAmortization": 27647000,
        "ebitda": 432637000,
        "ebitdaratio": 0.3119338750972457,
        "operatingIncome": 404990000,
        "operatingIncomeRatio": 0.2920002220698496,
        "totalOtherIncomeExpensesNet": -467000.0,
        "incomeBeforeTax": 401727000,
        "incomeBeforeTaxRatio": 0.28964757947468944,
        "incomeTaxExpense": 147569000,
        "netIncome": 274058000,
        "netIncomeRatio": 0.1975974637892759,
        "eps": 2.12,
        "epsdiluted": 2.05,
        "weightedAverageShsOut": 129569325,
        "weightedAverageShsOutDil": 133526713,
        "link": "https://www.sec.gov/Archives/edgar/data/1364742/000119312508171608/0001193125-08-171608-index.htm",
        "finalLink": "https://www.sec.gov/Archives/edgar/data/1364742/000119312508171608/d10q.htm"
    },
    {
        "date": "2008-03-31",
        "symbol": "BLK",
        "reportedCurrency": "USD",
        "fillingDate": "2008-05-09",
        "acceptedDate": "2008-05-09 15:39:41",
        "period": "Q1",
        "revenue": 1300138000,
        "costOfRevenue": 0.0,
        "grossProfit": 0.0,
        "grossProfitRatio": 0.0,
        "researchAndDevelopmentExpenses": 0.0,
        "generalAndAdministrativeExpenses": 212983000,
        "sellingAndMarketingExpenses": 0.0,
        "otherExpenses": 0.0,
        "operatingExpenses": 904448000,
        "costAndExpenses": 904448000,
        "interestExpense": 0.0,
        "depreciationAndAmortization": 87699000,
        "ebitda": 483389000,
        "ebitdaratio": 0.3717982244961689,
        "operatingIncome": 395690000,
        "operatingIncomeRatio": 0.3043446157254076,
        "totalOtherIncomeExpensesNet": -19489000,
        "incomeBeforeTax": 377162000,
        "incomeBeforeTaxRatio": 0.29009382080979096,
        "incomeTaxExpense": 130131000,
        "netIncome": 241671000,
        "netIncomeRatio": 0.18588103724373875,
        "eps": 1.87,
        "epsdiluted": 1.82,
        "weightedAverageShsOut": 128904253,
        "weightedAverageShsOutDil": 132876553,
        "link": "https://www.sec.gov/Archives/edgar/data/1364742/000119312508109678/0001193125-08-109678-index.htm",
        "finalLink": "https://www.sec.gov/Archives/edgar/data/1364742/000119312508041884/d10k.htm"
    },
    {
        "date": "2007-12-31",
        "symbol": "BLK",
        "reportedCurrency": "USD",
        "fillingDate": "2008-02-28",
        "acceptedDate": "2008-02-28 16:45:02",
        "period": "Q4",
        "revenue": 1444179000,
        "costOfRevenue": 0.0,
        "grossProfit": 0.0,
        "grossProfitRatio": 0.0,
        "researchAndDevelopmentExpenses": 0.0,
        "generalAndAdministrativeExpenses": 2163254000,
        "sellingAndMarketingExpenses": 0.0,
        "otherExpenses": 0.0,
        "operatingExpenses": 428843000,
        "costAndExpenses": 976463000,
        "interestExpense": 0.0,
        "depreciationAndAmortization": 55437000,
        "ebitda": 523153000,
        "ebitdaratio": 0.36224941645045383,
        "operatingIncome": 467716000,
        "operatingIncomeRatio": 0.323862900651512,
        "totalOtherIncomeExpensesNet": 25543000,
        "incomeBeforeTax": 497132000,
        "incomeBeforeTaxRatio": 0.3442315668625565,
        "incomeTaxExpense": 165746000,
        "netIncome": 322440000,
        "netIncomeRatio": 0.22326872222903116,
        "eps": 2.5013914785263136,
        "epsdiluted": 2.5013914785263136,
        "weightedAverageShsOut": 128904253,
        "weightedAverageShsOutDil": 128904253,
        "link": "https://www.sec.gov/Archives/edgar/data/1364742/000119312508041884/0001193125-08-041884-index.htm",
        "finalLink": "https://www.sec.gov/Archives/edgar/data/1364742/000119312508041884/d10k.htm"
    },
    {
        "date": "2007-09-30",
        "symbol": "BLK",
        "reportedCurrency": "USD",
        "fillingDate": "2007-11-08",
        "acceptedDate": "2007-11-08 17:27:57",
        "period": "Q3",
        "revenue": 1298079000,
        "costOfRevenue": 0.0,
        "grossProfit": 0.0,
        "grossProfitRatio": 0.0,
        "researchAndDevelopmentExpenses": 0.0,
        "generalAndAdministrativeExpenses": 194442000,
        "sellingAndMarketingExpenses": 0.0,
        "otherExpenses": 0.0,
        "operatingExpenses": 1026361000,
        "costAndExpenses": 1026361000,
        "interestExpense": 0.0,
        "depreciationAndAmortization": 49305000,
        "ebitda": 321023000,
        "ebitdaratio": 0.24730621171746867,
        "operatingIncome": 271718000,
        "operatingIncomeRatio": 0.2093231613792381,
        "totalOtherIncomeExpensesNet": 117895000,
        "incomeBeforeTax": 399907000,
        "incomeBeforeTaxRatio": 0.30807601078208646,
        "incomeTaxExpense": 63168000,
        "netIncome": 255200000,
        "netIncomeRatio": 0.1965982039613922,
        "eps": 1.99,
        "epsdiluted": 1.94,
        "weightedAverageShsOut": 128161027,
        "weightedAverageShsOutDil": 131316455,
        "link": "https://www.sec.gov/Archives/edgar/data/1364742/000119312507240559/0001193125-07-240559-index.htm",
        "finalLink": "https://www.sec.gov/Archives/edgar/data/1364742/000119312507240559/d10q.htm"
    },
    {
        "date": "2007-06-30",
        "symbol": "BLK",
        "reportedCurrency": "USD",
        "fillingDate": "2007-08-10",
        "acceptedDate": "2007-08-10 09:31:05",
        "period": "Q2",
        "revenue": 1097023000,
        "costOfRevenue": 0.0,
        "grossProfit": 0.0,
        "grossProfitRatio": 0.0,
        "researchAndDevelopmentExpenses": 0.0,
        "generalAndAdministrativeExpenses": 210780000,
        "sellingAndMarketingExpenses": 0.0,
        "otherExpenses": 0.0,
        "operatingExpenses": 815022000,
        "costAndExpenses": 815022000,
        "interestExpense": 0.0,
        "depreciationAndAmortization": 48020000,
        "ebitda": 330021000,
        "ebitdaratio": 0.30083325509127884,
        "operatingIncome": 282001000,
        "operatingIncomeRatio": 0.25706024395112953,
        "totalOtherIncomeExpensesNet": 210203000,
        "incomeBeforeTax": 495719000,
        "incomeBeforeTaxRatio": 0.45187657870436626,
        "incomeTaxExpense": 125012000,
        "netIncome": 222244000,
        "netIncomeRatio": 0.20258827754750813,
        "eps": 1.73,
        "epsdiluted": 1.69,
        "weightedAverageShsOut": 128544894,
        "weightedAverageShsOutDil": 131383470,
        "link": "https://www.sec.gov/Archives/edgar/data/1364742/000119312507178419/0001193125-07-178419-index.htm",
        "finalLink": "https://www.sec.gov/Archives/edgar/data/1364742/000119312507178419/d10q.htm"
    },
    {
        "date": "2007-03-31",
        "symbol": "BLK",
        "reportedCurrency": "USD",
        "fillingDate": "2007-05-10",
        "acceptedDate": "2007-05-10 15:29:44",
        "period": "Q1",
        "revenue": 1005374000,
        "costOfRevenue": 0.0,
        "grossProfit": 0.0,
        "grossProfitRatio": 0.0,
        "researchAndDevelopmentExpenses": 0.0,
        "generalAndAdministrativeExpenses": 223036000,
        "sellingAndMarketingExpenses": 0.0,
        "otherExpenses": 0.0,
        "operatingExpenses": 733143000,
        "costAndExpenses": 733143000,
        "interestExpense": 0.0,
        "depreciationAndAmortization": 46062000,
        "ebitda": 318293000,
        "ebitdaratio": 0.31659163654520606,
        "operatingIncome": 272231000,
        "operatingIncomeRatio": 0.2707758505789885,
        "totalOtherIncomeExpensesNet": 150360000,
        "incomeBeforeTax": 429962000,
        "incomeBeforeTaxRatio": 0.42766373508763905,
        "incomeTaxExpense": 109906000,
        "netIncome": 195388000,
        "netIncomeRatio": 0.1943435975069974,
        "eps": 1.52,
        "epsdiluted": 1.48,
        "weightedAverageShsOut": 128809726,
        "weightedAverageShsOutDil": 131895570,
        "link": "https://www.sec.gov/Archives/edgar/data/1364742/000119312507110090/0001193125-07-110090-index.htm",
        "finalLink": "https://www.sec.gov/Archives/edgar/data/1364742/000119312507053304/d10k.htm"
    },
    {
        "date": "2006-12-31",
        "symbol": "BLK",
        "reportedCurrency": "USD",
        "fillingDate": "2007-03-13",
        "acceptedDate": "2007-03-13 14:24:33",
        "period": "Q4",
        "revenue": 1018525000,
        "costOfRevenue": 0.0,
        "grossProfit": 0.0,
        "grossProfitRatio": 0.0,
        "researchAndDevelopmentExpenses": 0.0,
        "generalAndAdministrativeExpenses": 229004000,
        "sellingAndMarketingExpenses": 0.0,
        "otherExpenses": 0.0,
        "operatingExpenses": 772442000,
        "costAndExpenses": 772442000,
        "interestExpense": 0.0,
        "depreciationAndAmortization": 43508000,
        "ebitda": 289591000,
        "ebitdaratio": 0.28432389975700156,
        "operatingIncome": 246083000,
        "operatingIncomeRatio": 0.24160722613583369,
        "totalOtherIncomeExpensesNet": 40509000,
        "incomeBeforeTax": 282697000,
        "incomeBeforeTaxRatio": 0.2775552882845291,
        "incomeTaxExpense": 99500000,
        "netIncome": 169423000,
        "netIncomeRatio": 0.1663415232812155,
        "eps": 1.3152966414973974,
        "epsdiluted": 1.3152966414973974,
        "weightedAverageShsOut": 128809726,
        "weightedAverageShsOutDil": 128809726,
        "link": "https://www.sec.gov/Archives/edgar/data/1364742/000119312507053304/0001193125-07-053304-index.htm",
        "finalLink": "https://www.sec.gov/Archives/edgar/data/1364742/000119312507053304/d10k.htm"
    },
    {
        "date": "2006-09-30",
        "symbol": "BLK",
        "reportedCurrency": "USD",
        "fillingDate": "2006-09-30",
        "acceptedDate": "2006-09-30",
        "period": "Q3",
        "revenue": 323058000,
        "costOfRevenue": 0.0,
        "grossProfit": 0.0,
        "grossProfitRatio": 0.0,
        "researchAndDevelopmentExpenses": 0.0,
        "generalAndAdministrativeExpenses": 82905000,
        "sellingAndMarketingExpenses": 0.0,
        "otherExpenses": 0.0,
        "operatingExpenses": 294050000,
        "costAndExpenses": 294050000,
        "interestExpense": 0.0,
        "depreciationAndAmortization": 10180000,
        "ebitda": 39188000,
        "ebitdaratio": 0.12130329538349151,
        "operatingIncome": 29008000,
        "operatingIncomeRatio": 0.08979192590804128,
        "totalOtherIncomeExpensesNet": 3931000.0,
        "incomeBeforeTax": 30917000,
        "incomeBeforeTaxRatio": 0.0957010815395378,
        "incomeTaxExpense": 11108000,
        "netIncome": 18914000,
        "netIncomeRatio": 0.05854676250085124,
        "eps": 0.29,
        "epsdiluted": 0.28,
        "weightedAverageShsOut": 64761447,
        "weightedAverageShsOutDil": 67477536,
        "link": "",
        "finalLink": ""
    },
    {
        "date": "2006-06-30",
        "symbol": "BLK",
        "reportedCurrency": "USD",
        "fillingDate": "2006-06-30",
        "acceptedDate": "2006-06-30",
        "period": "Q4",
        "revenue": 360733000,
        "costOfRevenue": 0.0,
        "grossProfit": 0.0,
        "grossProfitRatio": 0.0,
        "researchAndDevelopmentExpenses": 0.0,
        "generalAndAdministrativeExpenses": 74367000,
        "sellingAndMarketingExpenses": 0.0,
        "otherExpenses": 0.0,
        "operatingExpenses": 264050000,
        "costAndExpenses": 264050000,
        "interestExpense": 0.0,
        "depreciationAndAmortization": 9710000.0,
        "ebitda": 106393000,
        "ebitdaratio": 0.2949355894803081,
        "operatingIncome": 96683000,
        "operatingIncomeRatio": 0.2680181741066107,
        "totalOtherIncomeExpensesNet": 6845000.0,
        "incomeBeforeTax": 101498000,
        "incomeBeforeTaxRatio": 0.2813659964572135,
        "incomeTaxExpense": 37237000,
        "netIncome": 63404000,
        "netIncomeRatio": 0.17576434648341016,
        "eps": 0.99,
        "epsdiluted": 0.95,
        "weightedAverageShsOut": 64136378,
        "weightedAverageShsOutDil": 66653479,
        "link": "",
        "finalLink": ""
    },
    {
        "date": "2006-03-31",
        "symbol": "BLK",
        "reportedCurrency": "USD",
        "fillingDate": "2006-03-31",
        "acceptedDate": "2006-03-31",
        "period": "Q4",
        "revenue": 395660000,
        "costOfRevenue": 0.0,
        "grossProfit": 0.0,
        "grossProfitRatio": 0.0,
        "researchAndDevelopmentExpenses": 0.0,
        "generalAndAdministrativeExpenses": 56984000,
        "sellingAndMarketingExpenses": 0.0,
        "otherExpenses": 0.0,
        "operatingExpenses": 295633000,
        "costAndExpenses": 295633000,
        "interestExpense": 0.0,
        "depreciationAndAmortization": 9411000.0,
        "ebitda": 109438000,
        "ebitdaratio": 0.2765960673305363,
        "operatingIncome": 100027000,
        "operatingIncomeRatio": 0.25281049385836324,
        "totalOtherIncomeExpensesNet": 15064000,
        "incomeBeforeTax": 113122000,
        "incomeBeforeTaxRatio": 0.2859070919476318,
        "incomeTaxExpense": 41618000,
        "netIncome": 70862000,
        "netIncomeRatio": 0.17909821563969064,
        "eps": 1.11,
        "epsdiluted": 1.06,
        "weightedAverageShsOut": 64074888,
        "weightedAverageShsOutDil": 66731560,
        "link": "",
        "finalLink": ""
    },
    {
        "date": "2005-12-31",
        "symbol": "BLK",
        "reportedCurrency": "USD",
        "fillingDate": "2005-12-31",
        "acceptedDate": "2005-12-31",
        "period": "Q4",
        "revenue": 369108000,
        "costOfRevenue": 0.0,
        "grossProfit": 0.0,
        "grossProfitRatio": 0.0,
        "researchAndDevelopmentExpenses": 0.0,
        "generalAndAdministrativeExpenses": 60761000,
        "sellingAndMarketingExpenses": 0.0,
        "otherExpenses": 0.0,
        "operatingExpenses": 256712000,
        "costAndExpenses": 256712000,
        "interestExpense": 0.0,
        "depreciationAndAmortization": 7788000.0,
        "ebitda": 120184000,
        "ebitdaratio": 0.32560659752701104,
        "operatingIncome": 112396000,
        "operatingIncomeRatio": 0.30450708193807774,
        "totalOtherIncomeExpensesNet": 5886000.0,
        "incomeBeforeTax": 116442000,
        "incomeBeforeTaxRatio": 0.3154686433239052,
        "incomeTaxExpense": 42826000,
        "netIncome": 72918000,
        "netIncomeRatio": 0.19755193601872623,
        "eps": 1.1377815936497564,
        "epsdiluted": 1.1377815936497564,
        "weightedAverageShsOut": 64087871,
        "weightedAverageShsOutDil": 64087871,
        "link": "",
        "finalLink": ""
    },
    {
        "date": "2005-09-30",
        "symbol": "BLK",
        "reportedCurrency": "USD",
        "fillingDate": "2005-09-30",
        "acceptedDate": "2005-09-30",
        "period": "Q3",
        "revenue": 300807000,
        "costOfRevenue": 0.0,
        "grossProfit": 0.0,
        "grossProfitRatio": 0.0,
        "researchAndDevelopmentExpenses": 0.0,
        "generalAndAdministrativeExpenses": 51524000,
        "sellingAndMarketingExpenses": 0.0,
        "otherExpenses": 0.0,
        "operatingExpenses": 221138000,
        "costAndExpenses": 221138000,
        "interestExpense": 0.0,
        "depreciationAndAmortization": 8646000.0,
        "ebitda": 88315000,
        "ebitdaratio": 0.2935935666390742,
        "operatingIncome": 79669000,
        "operatingIncomeRatio": 0.26485088445415167,
        "totalOtherIncomeExpensesNet": 21439000,
        "incomeBeforeTax": 99100000,
        "incomeBeforeTaxRatio": 0.3294471205789759,
        "incomeTaxExpense": 37077000,
        "netIncome": 61119000,
        "netIncomeRatio": 0.20318343655566526,
        "eps": 0.95,
        "epsdiluted": 0.92,
        "weightedAverageShsOut": 64087871,
        "weightedAverageShsOutDil": 66714797,
        "link": "",
        "finalLink": ""
    },
    {
        "date": "2005-06-30",
        "symbol": "BLK",
        "reportedCurrency": "USD",
        "fillingDate": "2005-06-30",
        "acceptedDate": "2005-06-30",
        "period": "Q4",
        "revenue": 271389000,
        "costOfRevenue": 0.0,
        "grossProfit": 0.0,
        "grossProfitRatio": 0.0,
        "researchAndDevelopmentExpenses": 0.0,
        "generalAndAdministrativeExpenses": 46397000,
        "sellingAndMarketingExpenses": 0.0,
        "otherExpenses": 0.0,
        "operatingExpenses": 189494000,
        "costAndExpenses": 189494000,
        "interestExpense": 0.0,
        "depreciationAndAmortization": 7462000.0,
        "ebitda": 89357000,
        "ebitdaratio": 0.32925800235086905,
        "operatingIncome": 81895000,
        "operatingIncomeRatio": 0.30176241483626826,
        "totalOtherIncomeExpensesNet": 6027000.0,
        "incomeBeforeTax": 85859000,
        "incomeBeforeTaxRatio": 0.3163687548132017,
        "incomeTaxExpense": 31324000,
        "netIncome": 53335000,
        "netIncomeRatio": 0.19652601984605125,
        "eps": 0.83,
        "epsdiluted": 0.8,
        "weightedAverageShsOut": 64354069,
        "weightedAverageShsOutDil": 66796087,
        "link": "",
        "finalLink": ""
    },
    {
        "date": "2005-03-31",
        "symbol": "BLK",
        "reportedCurrency": "USD",
        "fillingDate": "2005-03-31",
        "acceptedDate": "2005-03-31",
        "period": "Q4",
        "revenue": 250083000,
        "costOfRevenue": 0.0,
        "grossProfit": 0.0,
        "grossProfitRatio": 0.0,
        "researchAndDevelopmentExpenses": 0.0,
        "generalAndAdministrativeExpenses": 46167000,
        "sellingAndMarketingExpenses": 0.0,
        "otherExpenses": 0.0,
        "operatingExpenses": 183501000,
        "costAndExpenses": 183501000,
        "interestExpense": 0.0,
        "depreciationAndAmortization": 7006000.0,
        "ebitda": 73588000,
        "ebitdaratio": 0.2942543075698868,
        "operatingIncome": 66582000,
        "operatingIncomeRatio": 0.2662396084499946,
        "totalOtherIncomeExpensesNet": 9786000.0,
        "incomeBeforeTax": 74354000,
        "incomeBeforeTaxRatio": 0.297317290659501,
        "incomeTaxExpense": 27331000,
        "netIncome": 46536000,
        "netIncomeRatio": 0.1860822207027267,
        "eps": 0.72,
        "epsdiluted": 0.7,
        "weightedAverageShsOut": 64290510,
        "weightedAverageShsOutDil": 66880713,
        "link": "",
        "finalLink": ""
    },
    {
        "date": "2004-12-31",
        "symbol": "BLK",
        "reportedCurrency": "USD",
        "fillingDate": "2004-12-31",
        "acceptedDate": "2004-12-31",
        "period": "Q4",
        "revenue": 188677000,
        "costOfRevenue": 0.0,
        "grossProfit": 0.0,
        "grossProfitRatio": 0.0,
        "researchAndDevelopmentExpenses": 0.0,
        "generalAndAdministrativeExpenses": 36817000,
        "sellingAndMarketingExpenses": 0.0,
        "otherExpenses": 0.0,
        "operatingExpenses": 132851000,
        "costAndExpenses": 132851000,
        "interestExpense": 0.0,
        "depreciationAndAmortization": 5224000.0,
        "ebitda": 61050000,
        "ebitdaratio": 0.3235688504693206,
        "operatingIncome": 55826000,
        "operatingIncomeRatio": 0.29588132098771974,
        "totalOtherIncomeExpensesNet": 7823000.0,
        "incomeBeforeTax": 63483000,
        "incomeBeforeTaxRatio": 0.33646390392045666,
        "incomeTaxExpense": 12919000,
        "netIncome": 49752000,
        "netIncomeRatio": 0.26368873789598096,
        "eps": 0.781320963862869,
        "epsdiluted": 0.781320963862869,
        "weightedAverageShsOut": 63676776,
        "weightedAverageShsOutDil": 63676776,
        "link": "",
        "finalLink": ""
    },
    {
        "date": "2004-09-30",
        "symbol": "BLK",
        "reportedCurrency": "USD",
        "fillingDate": "2004-09-30",
        "acceptedDate": "2004-09-30",
        "period": "Q3",
        "revenue": 170999000,
        "costOfRevenue": 0.0,
        "grossProfit": 0.0,
        "grossProfitRatio": 0.0,
        "researchAndDevelopmentExpenses": 0.0,
        "generalAndAdministrativeExpenses": 29259000,
        "sellingAndMarketingExpenses": 0.0,
        "otherExpenses": 0.0,
        "operatingExpenses": 193375000,
        "costAndExpenses": 193375000,
        "interestExpense": 0.0,
        "depreciationAndAmortization": 5357000.0,
        "ebitda": -17019000,
        "ebitdaratio": -0.0995268978181159,
        "operatingIncome": -22376000,
        "operatingIncomeRatio": -0.1308545664009731,
        "totalOtherIncomeExpensesNet": 6647000.0,
        "incomeBeforeTax": -16694000,
        "incomeBeforeTaxRatio": -0.09762630190819829,
        "incomeTaxExpense": -7265000.0,
        "netIncome": -9814000.0,
        "netIncomeRatio": -0.057392148492096444,
        "eps": -0.15,
        "epsdiluted": -0.15,
        "weightedAverageShsOut": 63676776,
        "weightedAverageShsOutDil": 63676776,
        "link": "",
        "finalLink": ""
    },
    {
        "date": "2004-06-30",
        "symbol": "BLK",
        "reportedCurrency": "USD",
        "fillingDate": "2004-06-30",
        "acceptedDate": "2004-06-30",
        "period": "Q4",
        "revenue": 183812000,
        "costOfRevenue": 0.0,
        "grossProfit": 0.0,
        "grossProfitRatio": 0.0,
        "researchAndDevelopmentExpenses": 0.0,
        "generalAndAdministrativeExpenses": 31363000,
        "sellingAndMarketingExpenses": 0.0,
        "otherExpenses": 0.0,
        "operatingExpenses": 121231000,
        "costAndExpenses": 121231000,
        "interestExpense": 0.0,
        "depreciationAndAmortization": 5156000.0,
        "ebitda": 67737000,
        "ebitdaratio": 0.36851239309729505,
        "operatingIncome": 62581000,
        "operatingIncomeRatio": 0.34046199377624964,
        "totalOtherIncomeExpensesNet": 16038000,
        "incomeBeforeTax": 78069000,
        "incomeBeforeTaxRatio": 0.4247219985637499,
        "incomeTaxExpense": 26521000,
        "netIncome": 47996000,
        "netIncomeRatio": 0.2611146171087851,
        "eps": 0.75,
        "epsdiluted": 0.73,
        "weightedAverageShsOut": 63647316,
        "weightedAverageShsOutDil": 65766979,
        "link": "",
        "finalLink": ""
    },
    {
        "date": "2004-03-31",
        "symbol": "BLK",
        "reportedCurrency": "USD",
        "fillingDate": "2004-03-31",
        "acceptedDate": "2004-03-31",
        "period": "Q4",
        "revenue": 181823000,
        "costOfRevenue": 0.0,
        "grossProfit": 0.0,
        "grossProfitRatio": 0.0,
        "researchAndDevelopmentExpenses": 0.0,
        "generalAndAdministrativeExpenses": 31299000,
        "sellingAndMarketingExpenses": 0.0,
        "otherExpenses": 0.0,
        "operatingExpenses": 105959000,
        "costAndExpenses": 105959000,
        "interestExpense": 0.0,
        "depreciationAndAmortization": 4949000.0,
        "ebitda": 80813000,
        "ebitdaratio": 0.44445972181737187,
        "operatingIncome": 75864000,
        "operatingIncomeRatio": 0.4172409431150075,
        "totalOtherIncomeExpensesNet": 800000.0,
        "incomeBeforeTax": 75580000,
        "incomeBeforeTaxRatio": 0.41567898450691054,
        "incomeTaxExpense": 20089000,
        "netIncome": 55207000,
        "netIncomeRatio": 0.3036304537929745,
        "eps": 0.87,
        "epsdiluted": 0.84,
        "weightedAverageShsOut": 63775783,
        "weightedAverageShsOutDil": 65807605,
        "link": "",
        "finalLink": ""
    },
    {
        "date": "2003-12-31",
        "symbol": "BLK",
        "reportedCurrency": "USD",
        "fillingDate": "2003-12-31",
        "acceptedDate": "2003-12-31",
        "period": "Q4",
        "revenue": 85962000,
        "costOfRevenue": 0.0,
        "grossProfit": 0.0,
        "grossProfitRatio": 0.0,
        "researchAndDevelopmentExpenses": 0.0,
        "generalAndAdministrativeExpenses": 28591000,
        "sellingAndMarketingExpenses": 0.0,
        "otherExpenses": 0.0,
        "operatingExpenses": 96959000,
        "costAndExpenses": 96959000,
        "interestExpense": 0.0,
        "depreciationAndAmortization": 5480000.0,
        "ebitda": -5517000.0,
        "ebitdaratio": -0.06417952118377888,
        "operatingIncome": -10997000,
        "operatingIncomeRatio": -0.12792861962262395,
        "totalOtherIncomeExpensesNet": 0.0,
        "incomeBeforeTax": 36109000,
        "incomeBeforeTaxRatio": 0.42005769991391545,
        "incomeTaxExpense": 25347000,
        "netIncome": 41310000,
        "netIncomeRatio": 0.4805611781950164,
        "eps": 0.6404937448599447,
        "epsdiluted": 0.6404937448599447,
        "weightedAverageShsOut": 64497117,
        "weightedAverageShsOutDil": 64497117,
        "link": "",
        "finalLink": ""
    },
    {
        "date": "2003-09-30",
        "symbol": "BLK",
        "reportedCurrency": "USD",
        "fillingDate": "2003-09-30",
        "acceptedDate": "2003-09-30",
        "period": "Q3",
        "revenue": 213831000,
        "costOfRevenue": 0.0,
        "grossProfit": 0.0,
        "grossProfitRatio": 0.0,
        "researchAndDevelopmentExpenses": 0.0,
        "generalAndAdministrativeExpenses": 28167000,
        "sellingAndMarketingExpenses": 0.0,
        "otherExpenses": 0.0,
        "operatingExpenses": 95198000,
        "costAndExpenses": 95198000,
        "interestExpense": 0.0,
        "depreciationAndAmortization": 5422000.0,
        "ebitda": 124055000,
        "ebitdaratio": 0.5801544210147266,
        "operatingIncome": 118633000,
        "operatingIncomeRatio": 0.5547979479121362,
        "totalOtherIncomeExpensesNet": 0.0,
        "incomeBeforeTax": 94468000,
        "incomeBeforeTaxRatio": 0.4417881411020853,
        "incomeTaxExpense": 23579000,
        "netIncome": 40098000,
        "netIncomeRatio": 0.18752192151746006,
        "eps": 0.62,
        "epsdiluted": 0.61,
        "weightedAverageShsOut": 64497117,
        "weightedAverageShsOutDil": 65692272,
        "link": "",
        "finalLink": ""
    },
    {
        "date": "2003-06-30",
        "symbol": "BLK",
        "reportedCurrency": "USD",
        "fillingDate": "2003-06-30",
        "acceptedDate": "2003-06-30",
        "period": "Q4",
        "revenue": 143906000,
        "costOfRevenue": 0.0,
        "grossProfit": 0.0,
        "grossProfitRatio": 0.0,
        "researchAndDevelopmentExpenses": 0.0,
        "generalAndAdministrativeExpenses": 25476000,
        "sellingAndMarketingExpenses": 0.0,
        "otherExpenses": 0.0,
        "operatingExpenses": 89104000,
        "costAndExpenses": 89104000,
        "interestExpense": 0.0,
        "depreciationAndAmortization": 5169000.0,
        "ebitda": 59971000,
        "ebitdaratio": 0.41673731463594293,
        "operatingIncome": 54802000,
        "operatingIncomeRatio": 0.380818033994413,
        "totalOtherIncomeExpensesNet": 8233000.0,
        "incomeBeforeTax": 62884000,
        "incomeBeforeTaxRatio": 0.43697969507873197,
        "incomeTaxExpense": 24210000,
        "netIncome": 38674000,
        "netIncomeRatio": 0.2687448751268189,
        "eps": 0.59,
        "epsdiluted": 0.58,
        "weightedAverageShsOut": 65028337,
        "weightedAverageShsOutDil": 66164326,
        "link": "",
        "finalLink": ""
    },
    {
        "date": "2003-03-31",
        "symbol": "BLK",
        "reportedCurrency": "USD",
        "fillingDate": "2003-03-31",
        "acceptedDate": "2003-03-31",
        "period": "Q4",
        "revenue": 142751000,
        "costOfRevenue": 0.0,
        "grossProfit": 0.0,
        "grossProfitRatio": 0.0,
        "researchAndDevelopmentExpenses": 0.0,
        "generalAndAdministrativeExpenses": 25109000,
        "sellingAndMarketingExpenses": 0.0,
        "otherExpenses": 0.0,
        "operatingExpenses": 88685000,
        "costAndExpenses": 88685000,
        "interestExpense": 0.0,
        "depreciationAndAmortization": 5295000.0,
        "ebitda": 59361000,
        "ebitdaratio": 0.41583596612282925,
        "operatingIncome": 54066000,
        "operatingIncomeRatio": 0.37874340635091874,
        "totalOtherIncomeExpensesNet": 3529000.0,
        "incomeBeforeTax": 57431000,
        "incomeBeforeTaxRatio": 0.4023159207291017,
        "incomeTaxExpense": 22111000,
        "netIncome": 35320000,
        "netIncomeRatio": 0.24742383591008119,
        "eps": 0.5429123901876302,
        "epsdiluted": 0.5362318435723656,
        "weightedAverageShsOut": 65056537,
        "weightedAverageShsOutDil": 65867032,
        "link": "",
        "finalLink": ""
    },
    {
        "date": "2002-12-31",
        "symbol": "BLK",
        "reportedCurrency": "USD",
        "fillingDate": "2002-12-31",
        "acceptedDate": "2002-12-31",
        "period": "Q4",
        "revenue": 137037000,
        "costOfRevenue": 0.0,
        "grossProfit": 0.0,
        "grossProfitRatio": 0.0,
        "researchAndDevelopmentExpenses": 0.0,
        "generalAndAdministrativeExpenses": 22172000,
        "sellingAndMarketingExpenses": 0.0,
        "otherExpenses": 0.0,
        "operatingExpenses": 82034000,
        "costAndExpenses": 82034000,
        "interestExpense": 0.0,
        "depreciationAndAmortization": 4287000.0,
        "ebitda": 59290000,
        "ebitdaratio": 0.43265687369104694,
        "operatingIncome": 55003000,
        "operatingIncomeRatio": 0.40137335172252747,
        "totalOtherIncomeExpensesNet": 2049000.0,
        "incomeBeforeTax": 56888000,
        "incomeBeforeTaxRatio": 0.41512876084561107,
        "incomeTaxExpense": 23040000,
        "netIncome": 33848000,
        "netIncomeRatio": 0.24699898567540154,
        "eps": 0.5223544816526846,
        "epsdiluted": 0.5223544816526846,
        "weightedAverageShsOut": 64798908,
        "weightedAverageShsOutDil": 64798908,
        "link": "",
        "finalLink": ""
    },
    {
        "date": "2002-09-30",
        "symbol": "BLK",
        "reportedCurrency": "USD",
        "fillingDate": "2002-09-30",
        "acceptedDate": "2002-09-30",
        "period": "Q3",
        "revenue": 137132000,
        "costOfRevenue": 0.0,
        "grossProfit": 0.0,
        "grossProfitRatio": 0.0,
        "researchAndDevelopmentExpenses": 0.0,
        "generalAndAdministrativeExpenses": 23448000,
        "sellingAndMarketingExpenses": 0.0,
        "otherExpenses": 0.0,
        "operatingExpenses": 81636000,
        "costAndExpenses": 81636000,
        "interestExpense": 0.0,
        "depreciationAndAmortization": 5985000.0,
        "ebitda": 61481000,
        "ebitdaratio": 0.44833445147740864,
        "operatingIncome": 55496000,
        "operatingIncomeRatio": 0.4046903713210629,
        "totalOtherIncomeExpensesNet": 408000.0,
        "incomeBeforeTax": 55740000,
        "incomeBeforeTaxRatio": 0.4064696788495756,
        "incomeTaxExpense": 22575000,
        "netIncome": 33165000,
        "netIncomeRatio": 0.24184727124230668,
        "eps": 0.5118141805723022,
        "epsdiluted": 0.5075886531552531,
        "weightedAverageShsOut": 64798908,
        "weightedAverageShsOutDil": 65338340,
        "link": "",
        "finalLink": ""
    },
    {
        "date": "2002-06-30",
        "symbol": "BLK",
        "reportedCurrency": "USD",
        "fillingDate": "2002-06-30",
        "acceptedDate": "2002-06-30",
        "period": "Q4",
        "revenue": 156695000,
        "costOfRevenue": 0.0,
        "grossProfit": 0.0,
        "grossProfitRatio": 0.0,
        "researchAndDevelopmentExpenses": 0.0,
        "generalAndAdministrativeExpenses": 22043000,
        "sellingAndMarketingExpenses": 0.0,
        "otherExpenses": 0.0,
        "operatingExpenses": 101990000,
        "costAndExpenses": 101990000,
        "interestExpense": 0.0,
        "depreciationAndAmortization": 4965000.0,
        "ebitda": 59670000,
        "ebitdaratio": 0.3808034717125626,
        "operatingIncome": 54705000,
        "operatingIncomeRatio": 0.3491177127540764,
        "totalOtherIncomeExpensesNet": 4014000.0,
        "incomeBeforeTax": 58548000,
        "incomeBeforeTaxRatio": 0.37364306455215546,
        "incomeTaxExpense": 23712000,
        "netIncome": 34836000,
        "netIncomeRatio": 0.22231724049905868,
        "eps": 0.54,
        "epsdiluted": 0.53,
        "weightedAverageShsOut": 64726856,
        "weightedAverageShsOutDil": 65333228,
        "link": "",
        "finalLink": ""
    },
    {
        "date": "2002-03-31",
        "symbol": "BLK",
        "reportedCurrency": "USD",
        "fillingDate": "2002-03-31",
        "acceptedDate": "2002-03-31",
        "period": "Q4",
        "revenue": 146113000,
        "costOfRevenue": 0.0,
        "grossProfit": 0.0,
        "grossProfitRatio": 0.0,
        "researchAndDevelopmentExpenses": 0.0,
        "generalAndAdministrativeExpenses": 22412000,
        "sellingAndMarketingExpenses": 0.0,
        "otherExpenses": 0.0,
        "operatingExpenses": 96178000,
        "costAndExpenses": 96178000,
        "interestExpense": 0.0,
        "depreciationAndAmortization": 5001000.0,
        "ebitda": 54936000,
        "ebitdaratio": 0.37598297208325065,
        "operatingIncome": 49935000,
        "operatingIncomeRatio": 0.3417560381348682,
        "totalOtherIncomeExpensesNet": 3020000.0,
        "incomeBeforeTax": 52772000,
        "incomeBeforeTaxRatio": 0.3611725171613751,
        "incomeTaxExpense": 21373000,
        "netIncome": 31399000,
        "netIncomeRatio": 0.21489532074490292,
        "eps": 0.49,
        "epsdiluted": 0.48,
        "weightedAverageShsOut": 64648511,
        "weightedAverageShsOutDil": 65219988,
        "link": "",
        "finalLink": ""
    },
    {
        "date": "2001-12-31",
        "symbol": "BLK",
        "reportedCurrency": "USD",
        "fillingDate": "2001-12-31",
        "acceptedDate": "2001-12-31",
        "period": "Q4",
        "revenue": 129391000,
        "costOfRevenue": 0.0,
        "grossProfit": 0.0,
        "grossProfitRatio": 0.0,
        "researchAndDevelopmentExpenses": 0.0,
        "generalAndAdministrativeExpenses": 20139000,
        "sellingAndMarketingExpenses": 0.0,
        "otherExpenses": 0.0,
        "operatingExpenses": 86375000,
        "costAndExpenses": 86375000,
        "interestExpense": 0.0,
        "depreciationAndAmortization": 7122000.0,
        "ebitda": 50138000,
        "ebitdaratio": 0.3874921748807877,
        "operatingIncome": 43016000,
        "operatingIncomeRatio": 0.33244970670293916,
        "totalOtherIncomeExpensesNet": 4192000.0,
        "incomeBeforeTax": 47021000,
        "incomeBeforeTaxRatio": 0.3634024004760764,
        "incomeTaxExpense": 18689000,
        "netIncome": 28332000,
        "netIncomeRatio": 0.21896422471423824,
        "eps": 0.4407264874938959,
        "epsdiluted": 0.4407264874938959,
        "weightedAverageShsOut": 64284768,
        "weightedAverageShsOutDil": 64284768,
        "link": "",
        "finalLink": ""
    },
    {
        "date": "2001-09-30",
        "symbol": "BLK",
        "reportedCurrency": "USD",
        "fillingDate": "2001-09-30",
        "acceptedDate": "2001-09-30",
        "period": "Q3",
        "revenue": 134782000,
        "costOfRevenue": 0.0,
        "grossProfit": 0.0,
        "grossProfitRatio": 0.0,
        "researchAndDevelopmentExpenses": 0.0,
        "generalAndAdministrativeExpenses": 20689000,
        "sellingAndMarketingExpenses": 0.0,
        "otherExpenses": 0.0,
        "operatingExpenses": 92250000,
        "costAndExpenses": 92250000,
        "interestExpense": 0.0,
        "depreciationAndAmortization": 6768000.0,
        "ebitda": 49300000,
        "ebitdaratio": 0.36577584543930197,
        "operatingIncome": 42532000,
        "operatingIncomeRatio": 0.3155614251161134,
        "totalOtherIncomeExpensesNet": 2890000.0,
        "incomeBeforeTax": 45250000,
        "incomeBeforeTaxRatio": 0.3357273226395216,
        "incomeTaxExpense": 17874000,
        "netIncome": 27376000,
        "netIncomeRatio": 0.20311317534982415,
        "eps": 0.43,
        "epsdiluted": 0.42,
        "weightedAverageShsOut": 64284768,
        "weightedAverageShsOutDil": 64947840,
        "link": "",
        "finalLink": ""
    },
    {
        "date": "2001-06-30",
        "symbol": "BLK",
        "reportedCurrency": "USD",
        "fillingDate": "2001-06-30",
        "acceptedDate": "2001-06-30",
        "period": "Q4",
        "revenue": 135262000,
        "costOfRevenue": 0.0,
        "grossProfit": 0.0,
        "grossProfitRatio": 0.0,
        "researchAndDevelopmentExpenses": 0.0,
        "generalAndAdministrativeExpenses": 18684000,
        "sellingAndMarketingExpenses": 0.0,
        "otherExpenses": 0.0,
        "operatingExpenses": 92554000,
        "costAndExpenses": 92554000,
        "interestExpense": 0.0,
        "depreciationAndAmortization": 6382000.0,
        "ebitda": 49090000,
        "ebitdaratio": 0.36292528574174565,
        "operatingIncome": 42708000,
        "operatingIncomeRatio": 0.31574278067749995,
        "totalOtherIncomeExpensesNet": 2632000.0,
        "incomeBeforeTax": 45139000,
        "incomeBeforeTaxRatio": 0.333715308068785,
        "incomeTaxExpense": 18909000,
        "netIncome": 26230000,
        "netIncomeRatio": 0.19391994795286185,
        "eps": 0.41,
        "epsdiluted": 0.4,
        "weightedAverageShsOut": 64248630,
        "weightedAverageShsOutDil": 64877389,
        "link": "",
        "finalLink": ""
    },
    {
        "date": "2001-03-31",
        "symbol": "BLK",
        "reportedCurrency": "USD",
        "fillingDate": "2001-03-31",
        "acceptedDate": "2001-03-31",
        "period": "Q4",
        "revenue": 133709000,
        "costOfRevenue": 0.0,
        "grossProfit": 0.0,
        "grossProfitRatio": 0.0,
        "researchAndDevelopmentExpenses": 0.0,
        "generalAndAdministrativeExpenses": 17055000,
        "sellingAndMarketingExpenses": 0.0,
        "otherExpenses": 0.0,
        "operatingExpenses": 91789000,
        "costAndExpenses": 91789000,
        "interestExpense": 0.0,
        "depreciationAndAmortization": 5749000.0,
        "ebitda": 47669000,
        "ebitdaratio": 0.356513024553321,
        "operatingIncome": 41920000,
        "operatingIncomeRatio": 0.31351666679131546,
        "totalOtherIncomeExpensesNet": 1862000.0,
        "incomeBeforeTax": 43581000,
        "incomeBeforeTaxRatio": 0.32593916639867176,
        "incomeTaxExpense": 18085000,
        "netIncome": 25496000,
        "netIncomeRatio": 0.1906827513480768,
        "eps": 0.4,
        "epsdiluted": 0.39,
        "weightedAverageShsOut": 64159248,
        "weightedAverageShsOutDil": 64897486,
        "link": "",
        "finalLink": ""
    },
    {
        "date": "2000-12-31",
        "symbol": "BLK",
        "reportedCurrency": "USD",
        "fillingDate": "2000-12-31",
        "acceptedDate": "2000-12-31",
        "period": "Q4",
        "revenue": 128540000,
        "costOfRevenue": 0.0,
        "grossProfit": 0.0,
        "grossProfitRatio": 0.0,
        "researchAndDevelopmentExpenses": 0.0,
        "generalAndAdministrativeExpenses": 15029000,
        "sellingAndMarketingExpenses": 0.0,
        "otherExpenses": 0.0,
        "operatingExpenses": 88868000,
        "costAndExpenses": 88868000,
        "interestExpense": 0.0,
        "depreciationAndAmortization": 5003000.0,
        "ebitda": 44675000,
        "ebitdaratio": 0.34755718064415747,
        "operatingIncome": 39672000,
        "operatingIncomeRatio": 0.30863544421969813,
        "totalOtherIncomeExpensesNet": 0.0,
        "incomeBeforeTax": 42541000,
        "incomeBeforeTaxRatio": 0.33095534463980086,
        "incomeTaxExpense": 17995000,
        "netIncome": 24546000,
        "netIncomeRatio": 0.19096001244748717,
        "eps": 0.3842251967264001,
        "epsdiluted": 0.3842251967264001,
        "weightedAverageShsOut": 63884410,
        "weightedAverageShsOutDil": 63884410,
        "link": "",
        "finalLink": ""
    },
    {
        "date": "2000-09-30",
        "symbol": "BLK",
        "reportedCurrency": "USD",
        "fillingDate": "2000-09-30",
        "acceptedDate": "2000-09-30",
        "period": "Q3",
        "revenue": 127701000,
        "costOfRevenue": 0.0,
        "grossProfit": 0.0,
        "grossProfitRatio": 0.0,
        "researchAndDevelopmentExpenses": 0.0,
        "generalAndAdministrativeExpenses": 15577000,
        "sellingAndMarketingExpenses": 0.0,
        "otherExpenses": 0.0,
        "operatingExpenses": 90775000,
        "costAndExpenses": 90775000,
        "interestExpense": 0.0,
        "depreciationAndAmortization": 5457000.0,
        "ebitda": 42383000,
        "ebitdaratio": 0.33189246756094315,
        "operatingIncome": 36926000,
        "operatingIncomeRatio": 0.2891598343004362,
        "totalOtherIncomeExpensesNet": 0.0,
        "incomeBeforeTax": 38908000,
        "incomeBeforeTaxRatio": 0.30468046452259573,
        "incomeTaxExpense": 16147000,
        "netIncome": 22761000,
        "netIncomeRatio": 0.1782366622031151,
        "eps": 0.36,
        "epsdiluted": 0.35,
        "weightedAverageShsOut": 63884410,
        "weightedAverageShsOutDil": 64651300,
        "link": "",
        "finalLink": ""
    },
    {
        "date": "2000-06-30",
        "symbol": "BLK",
        "reportedCurrency": "USD",
        "fillingDate": "2000-06-30",
        "acceptedDate": "2000-06-30",
        "period": "Q4",
        "revenue": 112571000,
        "costOfRevenue": 0.0,
        "grossProfit": 0.0,
        "grossProfitRatio": 0.0,
        "researchAndDevelopmentExpenses": 0.0,
        "generalAndAdministrativeExpenses": 14605000,
        "sellingAndMarketingExpenses": 0.0,
        "otherExpenses": 0.0,
        "operatingExpenses": 78249000,
        "costAndExpenses": 78249000,
        "interestExpense": 0.0,
        "depreciationAndAmortization": 4902000.0,
        "ebitda": 39224000,
        "ebitdaratio": 0.3484378747634826,
        "operatingIncome": 34322000,
        "operatingIncomeRatio": 0.30489202370059787,
        "totalOtherIncomeExpensesNet": 0.0,
        "incomeBeforeTax": 35653000,
        "incomeBeforeTaxRatio": 0.31671567277540397,
        "incomeTaxExpense": 14796000,
        "netIncome": 20857000,
        "netIncomeRatio": 0.18527862415719856,
        "eps": 0.33,
        "epsdiluted": 0.32,
        "weightedAverageShsOut": 63865770,
        "weightedAverageShsOutDil": 64492447,
        "link": "",
        "finalLink": ""
    },
    {
        "date": "2000-03-31",
        "symbol": "BLK",
        "reportedCurrency": "USD",
        "fillingDate": "2000-03-31",
        "acceptedDate": "2000-03-31",
        "period": "Q4",
        "revenue": 108060000,
        "costOfRevenue": 0.0,
        "grossProfit": 0.0,
        "grossProfitRatio": 0.0,
        "researchAndDevelopmentExpenses": 0.0,
        "generalAndAdministrativeExpenses": 13100000,
        "sellingAndMarketingExpenses": 0.0,
        "otherExpenses": 0.0,
        "operatingExpenses": 75942000,
        "costAndExpenses": 75942000,
        "interestExpense": 0.0,
        "depreciationAndAmortization": 4633000.0,
        "ebitda": 36751000,
        "ebitdaratio": 0.340098093651675,
        "operatingIncome": 32118000,
        "operatingIncomeRatio": 0.29722376457523597,
        "totalOtherIncomeExpensesNet": 0.0,
        "incomeBeforeTax": 32815000,
        "incomeBeforeTaxRatio": 0.30367388487877106,
        "incomeTaxExpense": 13618000,
        "netIncome": 19197000,
        "netIncomeRatio": 0.17765130483064964,
        "eps": 0.3005900847830955,
        "epsdiluted": 0.29835602519711985,
        "weightedAverageShsOut": 63864382,
        "weightedAverageShsOutDil": 64342592,
        "link": "",
        "finalLink": ""
    },
    {
        "date": "1999-12-31",
        "symbol": "BLK",
        "reportedCurrency": "USD",
        "fillingDate": "1999-12-31",
        "acceptedDate": "1999-12-31",
        "period": "Q4",
        "revenue": 98581000,
        "costOfRevenue": 0.0,
        "grossProfit": 0.0,
        "grossProfitRatio": 0.0,
        "researchAndDevelopmentExpenses": 0.0,
        "generalAndAdministrativeExpenses": -83030000,
        "sellingAndMarketingExpenses": 0.0,
        "otherExpenses": 0.0,
        "operatingExpenses": 337338000,
        "costAndExpenses": 337338000,
        "interestExpense": 0.0,
        "depreciationAndAmortization": 4453000.0,
        "ebitda": -234304000,
        "ebitdaratio": -2.3767663139955975,
        "operatingIncome": -238757000,
        "operatingIncomeRatio": -2.4219372901471887,
        "totalOtherIncomeExpensesNet": 0.0,
        "incomeBeforeTax": 30150000,
        "incomeBeforeTaxRatio": 0.3058398677229892,
        "incomeTaxExpense": 12933000,
        "netIncome": 17217000,
        "netIncomeRatio": 0.1746482587922622,
        "eps": 0.31883333333333336,
        "epsdiluted": 0.31883333333333336,
        "weightedAverageShsOut": 54000000,
        "weightedAverageShsOutDil": 54000000,
        "link": "",
        "finalLink": ""
    },
    {
        "date": "1999-09-30",
        "symbol": "BLK",
        "reportedCurrency": "USD",
        "fillingDate": "1999-09-30",
        "acceptedDate": "1999-09-30",
        "period": "Q3",
        "revenue": 101000000,
        "costOfRevenue": 0.0,
        "grossProfit": 0.0,
        "grossProfitRatio": 0.0,
        "researchAndDevelopmentExpenses": 0.0,
        "generalAndAdministrativeExpenses": 43300000,
        "sellingAndMarketingExpenses": 0.0,
        "otherExpenses": 0.0,
        "operatingExpenses": -26100000,
        "costAndExpenses": -26100000,
        "interestExpense": 0.0,
        "depreciationAndAmortization": 0.0,
        "ebitda": 127100000,
        "ebitdaratio": 1.2584158415841584,
        "operatingIncome": 127100000,
        "operatingIncomeRatio": 1.2584158415841584,
        "totalOtherIncomeExpensesNet": 0.0,
        "incomeBeforeTax": 28400000,
        "incomeBeforeTaxRatio": 0.2811881188118812,
        "incomeTaxExpense": 12200000,
        "netIncome": 16200000,
        "netIncomeRatio": 0.1603960396039604,
        "eps": 0.3,
        "epsdiluted": 0.3,
        "weightedAverageShsOut": 54000000,
        "weightedAverageShsOutDil": 54000000,
        "link": "",
        "finalLink": ""
    },
    {
        "date": "1999-06-30",
        "symbol": "BLK",
        "reportedCurrency": "USD",
        "fillingDate": "1999-06-30",
        "acceptedDate": "1999-06-30",
        "period": "Q4",
        "revenue": 90700000,
        "costOfRevenue": 0.0,
        "grossProfit": 0.0,
        "grossProfitRatio": 0.0,
        "researchAndDevelopmentExpenses": 0.0,
        "generalAndAdministrativeExpenses": 0.0,
        "sellingAndMarketingExpenses": 0.0,
        "otherExpenses": 0.0,
        "operatingExpenses": 0.0,
        "costAndExpenses": 0.0,
        "interestExpense": 0.0,
        "depreciationAndAmortization": 0.0,
        "ebitda": 90700000,
        "ebitdaratio": 1.0,
        "operatingIncome": 90700000,
        "operatingIncomeRatio": 1.0,
        "totalOtherIncomeExpensesNet": 0.0,
        "incomeBeforeTax": 0.0,
        "incomeBeforeTaxRatio": 0.0,
        "incomeTaxExpense": 0.0,
        "netIncome": 13000000,
        "netIncomeRatio": 0.14332965821389196,
        "eps": 0.24,
        "epsdiluted": 0.24,
        "weightedAverageShsOut": 54166667,
        "weightedAverageShsOutDil": 54166667,
        "link": "",
        "finalLink": ""
    },
    {
        "date": "1999-03-31",
        "symbol": "BLK",
        "reportedCurrency": "USD",
        "fillingDate": "1999-03-31",
        "acceptedDate": "1999-03-31",
        "period": "Q4",
        "revenue": 90700000,
        "costOfRevenue": 0.0,
        "grossProfit": 0.0,
        "grossProfitRatio": 0.0,
        "researchAndDevelopmentExpenses": 0.0,
        "generalAndAdministrativeExpenses": 0.0,
        "sellingAndMarketingExpenses": 0.0,
        "otherExpenses": 0.0,
        "operatingExpenses": 0.0,
        "costAndExpenses": 0.0,
        "interestExpense": 0.0,
        "depreciationAndAmortization": 0.0,
        "ebitda": 90700000,
        "ebitdaratio": 1.0,
        "operatingIncome": 90700000,
        "operatingIncomeRatio": 1.0,
        "totalOtherIncomeExpensesNet": 0.0,
        "incomeBeforeTax": 0.0,
        "incomeBeforeTaxRatio": 0.0,
        "incomeTaxExpense": 0.0,
        "netIncome": 13000000,
        "netIncomeRatio": 0.14332965821389196,
        "eps": 0.24,
        "epsdiluted": 0.24,
        "weightedAverageShsOut": 54166667,
        "weightedAverageShsOutDil": 54166667,
        "link": "",
        "finalLink": ""
    }
]