[
    {
        "date": "2021-03-05",
        "symbol": "ADBE",
        "reportedCurrency": "USD",
        "fillingDate": "2021-03-31",
        "acceptedDate": "2021-03-31 16:02:34",
        "period": "Q1",
        "revenue": 3905000000,
        "costOfRevenue": 447000000,
        "grossProfit": 3458000000,
        "grossProfitRatio": 0.8855313700384123,
        "researchAndDevelopmentExpenses": 620000000,
        "generalAndAdministrativeExpenses": 290000000,
        "sellingAndMarketingExpenses": 1049000000,
        "otherExpenses": 4000000.0,
        "operatingExpenses": -21000000,
        "costAndExpenses": 426000000,
        "interestExpense": 30000000,
        "depreciationAndAmortization": 196000000,
        "ebitda": 1650000000,
        "ebitdaratio": 0.4225352112676056,
        "operatingIncome": 1454000000,
        "operatingIncomeRatio": 0.37234314980793853,
        "totalOtherIncomeExpensesNet": 4000000.0,
        "incomeBeforeTax": 1433000000,
        "incomeBeforeTaxRatio": 0.3669654289372599,
        "incomeTaxExpense": 172000.0,
        "netIncome": 1261000000,
        "netIncomeRatio": 0.3229193341869398,
        "eps": 2.6,
        "epsdiluted": 2.6,
        "weightedAverageShsOut": 485000000,
        "weightedAverageShsOutDil": 485000000,
        "link": "https://www.sec.gov/Archives/edgar/data/796343/000079634321000069/0000796343-21-000069-index.htm",
        "finalLink": "https://www.sec.gov/Archives/edgar/data/796343/000079634321000069/adbe-20210305.htm"
    },
    {
        "date": "2020-11-27",
        "symbol": "ADBE",
        "reportedCurrency": "USD",
        "fillingDate": "2021-01-15",
        "acceptedDate": "2021-01-15 16:03:42",
        "period": "Q4",
        "revenue": 3424000000,
        "costOfRevenue": 428000000,
        "grossProfit": 2996000000,
        "grossProfitRatio": 0.875,
        "researchAndDevelopmentExpenses": 558000000,
        "generalAndAdministrativeExpenses": 243000000,
        "sellingAndMarketingExpenses": 941000000,
        "otherExpenses": 3000000.0,
        "operatingExpenses": 1781000000,
        "costAndExpenses": 2209000000,
        "interestExpense": 27000000,
        "depreciationAndAmortization": 190000000,
        "ebitda": 1405000000,
        "ebitdaratio": 0.410338785046729,
        "operatingIncome": 1215000000,
        "operatingIncomeRatio": 0.3548481308411215,
        "totalOtherIncomeExpensesNet": 3000000.0,
        "incomeBeforeTax": 1197000000,
        "incomeBeforeTaxRatio": 0.3495911214953271,
        "incomeTaxExpense": -1053000000,
        "netIncome": 2250000000,
        "netIncomeRatio": 0.657126168224299,
        "eps": 4.69,
        "epsdiluted": 4.64,
        "weightedAverageShsOut": 479000000,
        "weightedAverageShsOutDil": 484000000,
        "link": "https://www.sec.gov/Archives/edgar/data/796343/000079634321000004/0000796343-21-000004-index.htm",
        "finalLink": "https://www.sec.gov/Archives/edgar/data/796343/000079634321000004/adbe-20201127.htm"
    },
    {
        "date": "2020-08-28",
        "symbol": "ADBE",
        "reportedCurrency": "USD",
        "fillingDate": "2020-09-23",
        "acceptedDate": "2020-09-23 16:03:46",
        "period": "Q3",
        "revenue": 3225000000,
        "costOfRevenue": 427000000,
        "grossProfit": 2798000000,
        "grossProfitRatio": 0.8675968992248062,
        "researchAndDevelopmentExpenses": 566000000,
        "generalAndAdministrativeExpenses": 230000000,
        "sellingAndMarketingExpenses": 892000000,
        "otherExpenses": 41000000,
        "operatingExpenses": 1729000000,
        "costAndExpenses": 2156000000,
        "interestExpense": -18000000,
        "depreciationAndAmortization": 191000000,
        "ebitda": 1260000000,
        "ebitdaratio": 0.39069767441860465,
        "operatingIncome": 1069000000,
        "operatingIncomeRatio": 0.33147286821705424,
        "totalOtherIncomeExpensesNet": 1000000.0,
        "incomeBeforeTax": 1060000000,
        "incomeBeforeTaxRatio": 0.32868217054263565,
        "incomeTaxExpense": 105000000,
        "netIncome": 955000000,
        "netIncomeRatio": 0.2961240310077519,
        "eps": 1.96907,
        "epsdiluted": 1.96907,
        "weightedAverageShsOut": 485000000,
        "weightedAverageShsOutDil": 485000000,
        "link": "https://www.sec.gov/Archives/edgar/data/796343/000079634320000201/0000796343-20-000201-index.htm",
        "finalLink": "https://www.sec.gov/Archives/edgar/data/796343/000079634320000201/adbe-20200828.htm"
    },
    {
        "date": "2020-05-29",
        "symbol": "ADBE",
        "reportedCurrency": "USD",
        "fillingDate": "2020-06-24",
        "acceptedDate": "2020-06-24 16:05:10",
        "period": "Q2",
        "revenue": 3128000000,
        "costOfRevenue": 415000000,
        "grossProfit": 2713000000,
        "grossProfitRatio": 0.8673273657289002,
        "researchAndDevelopmentExpenses": 532000000,
        "generalAndAdministrativeExpenses": 224000000,
        "sellingAndMarketingExpenses": 901000000,
        "otherExpenses": 40000000,
        "operatingExpenses": 1697000000,
        "costAndExpenses": 2112000000,
        "interestExpense": 28000000,
        "depreciationAndAmortization": 188000000,
        "ebitda": 1204000000,
        "ebitdaratio": 0.38491048593350385,
        "operatingIncome": 1016000000,
        "operatingIncomeRatio": 0.3248081841432225,
        "totalOtherIncomeExpensesNet": 12000000,
        "incomeBeforeTax": 1000000000,
        "incomeBeforeTaxRatio": 0.319693094629156,
        "incomeTaxExpense": -100000000,
        "netIncome": 1100000000,
        "netIncomeRatio": 0.3516624040920716,
        "eps": 2.26804,
        "epsdiluted": 2.26804,
        "weightedAverageShsOut": 485000000,
        "weightedAverageShsOutDil": 485000000,
        "link": "https://www.sec.gov/Archives/edgar/data/796343/000079634320000143/0000796343-20-000143-index.htm",
        "finalLink": "https://www.sec.gov/Archives/edgar/data/796343/000079634320000143/adbe10qq220.htm"
    },
    {
        "date": "2020-02-28",
        "symbol": "ADBE",
        "reportedCurrency": "USD",
        "fillingDate": "2020-03-25",
        "acceptedDate": "2020-03-25 16:07:07",
        "period": "Q1",
        "revenue": 3091000000,
        "costOfRevenue": 452000000,
        "grossProfit": 2639000000,
        "grossProfitRatio": 0.8537690067939179,
        "researchAndDevelopmentExpenses": 532000000,
        "generalAndAdministrativeExpenses": 271000000,
        "sellingAndMarketingExpenses": 857000000,
        "otherExpenses": 42000000,
        "operatingExpenses": 1702000000,
        "costAndExpenses": 2154000000,
        "interestExpense": 33000000,
        "depreciationAndAmortization": 188000000,
        "ebitda": 1125000000,
        "ebitdaratio": 0.36395988353283726,
        "operatingIncome": 937000000,
        "operatingIncomeRatio": 0.3031381429957942,
        "totalOtherIncomeExpensesNet": 18000000,
        "incomeBeforeTax": 919000000,
        "incomeBeforeTaxRatio": 0.2973147848592688,
        "incomeTaxExpense": -36000000,
        "netIncome": 955000000,
        "netIncomeRatio": 0.3089615011323196,
        "eps": 1.95697,
        "epsdiluted": 1.95697,
        "weightedAverageShsOut": 488000000,
        "weightedAverageShsOutDil": 488000000,
        "link": "https://www.sec.gov/Archives/edgar/data/796343/000079634320000064/0000796343-20-000064-index.htm",
        "finalLink": "https://www.sec.gov/Archives/edgar/data/796343/000079634320000013/adbe10kfy19.htm"
    },
    {
        "date": "2019-11-29",
        "symbol": "ADBE",
        "reportedCurrency": "USD",
        "fillingDate": "2020-01-21",
        "acceptedDate": "2020-01-21 06:06:41",
        "period": "Q4",
        "revenue": 2991945000,
        "costOfRevenue": 451983000,
        "grossProfit": 2539962000,
        "grossProfitRatio": 0.8489333861417907,
        "researchAndDevelopmentExpenses": 499806000,
        "generalAndAdministrativeExpenses": 225938000,
        "sellingAndMarketingExpenses": 801588000,
        "otherExpenses": 42698000,
        "operatingExpenses": 1570030000,
        "costAndExpenses": 2022013000,
        "interestExpense": 36515000,
        "depreciationAndAmortization": 295611999.99999994,
        "ebitda": 1265544000,
        "ebitdaratio": 0.4229837112647458,
        "operatingIncome": 969932000,
        "operatingIncomeRatio": 0.32418109290110614,
        "totalOtherIncomeExpensesNet": -3999000.0,
        "incomeBeforeTax": 957147000,
        "incomeBeforeTaxRatio": 0.3199079528534114,
        "incomeTaxExpense": 102331000,
        "netIncome": 851861000,
        "netIncomeRatio": 0.28471813485876246,
        "eps": 1.74259,
        "epsdiluted": 1.74259,
        "weightedAverageShsOut": 488848000,
        "weightedAverageShsOutDil": 488848000,
        "link": "https://www.sec.gov/Archives/edgar/data/796343/000079634320000013/0000796343-20-000013-index.htm",
        "finalLink": "https://www.sec.gov/Archives/edgar/data/796343/000079634320000013/adbe10kfy19.htm"
    },
    {
        "date": "2019-08-30",
        "symbol": "ADBE",
        "reportedCurrency": "USD",
        "fillingDate": "2019-09-26",
        "acceptedDate": "2019-09-26 16:25:38",
        "period": "Q3",
        "revenue": 2834126000,
        "costOfRevenue": 415963000,
        "grossProfit": 2418163000,
        "grossProfitRatio": 0.8532305903124985,
        "researchAndDevelopmentExpenses": 489827000,
        "generalAndAdministrativeExpenses": 219256000,
        "sellingAndMarketingExpenses": 812314000,
        "otherExpenses": 42954000,
        "operatingExpenses": 1564351000,
        "costAndExpenses": 1980314000,
        "interestExpense": 39529000,
        "depreciationAndAmortization": 150549000.00000003,
        "ebitda": 1004361000,
        "ebitdaratio": 0.3543812095863063,
        "operatingIncome": 853812000,
        "operatingIncomeRatio": 0.30126112953340817,
        "totalOtherIncomeExpensesNet": 1232000.0,
        "incomeBeforeTax": 834488000,
        "incomeBeforeTaxRatio": 0.2944428017667528,
        "incomeTaxExpense": 41725000,
        "netIncome": 792763000,
        "netIncomeRatio": 0.279720449972937,
        "eps": 1.61445,
        "epsdiluted": 1.61445,
        "weightedAverageShsOut": 491042000,
        "weightedAverageShsOutDil": 491042000,
        "link": "https://www.sec.gov/Archives/edgar/data/796343/000079634319000165/0000796343-19-000165-index.htm",
        "finalLink": "https://www.sec.gov/Archives/edgar/data/796343/000079634319000165/adbe10qq319.htm"
    },
    {
        "date": "2019-05-31",
        "symbol": "ADBE",
        "reportedCurrency": "USD",
        "fillingDate": "2019-06-26",
        "acceptedDate": "2019-06-26 16:07:21",
        "period": "Q2",
        "revenue": 2744280000,
        "costOfRevenue": 407488000,
        "grossProfit": 2336792000,
        "grossProfitRatio": 0.8515136939379364,
        "researchAndDevelopmentExpenses": 475958000,
        "generalAndAdministrativeExpenses": 219334000,
        "sellingAndMarketingExpenses": 848927000,
        "otherExpenses": 39000.0,
        "operatingExpenses": 1587245000,
        "costAndExpenses": 1994733000,
        "interestExpense": 40577000,
        "depreciationAndAmortization": 145610000,
        "ebitda": 895157000,
        "ebitdaratio": 0.3261901117961724,
        "operatingIncome": 749547000,
        "operatingIncomeRatio": 0.2731306572215663,
        "totalOtherIncomeExpensesNet": -14476000,
        "incomeBeforeTax": 710772000,
        "incomeBeforeTaxRatio": 0.25900126809217716,
        "incomeTaxExpense": 78179000,
        "netIncome": 632593000,
        "netIncomeRatio": 0.2305132858163161,
        "eps": 1.3,
        "epsdiluted": 1.29,
        "weightedAverageShsOut": 487535000,
        "weightedAverageShsOutDil": 492212000,
        "link": "https://www.sec.gov/Archives/edgar/data/796343/000079634319000142/0000796343-19-000142-index.htm",
        "finalLink": "https://www.sec.gov/Archives/edgar/data/796343/000079634319000142/adbe10qq219.htm"
    },
    {
        "date": "2019-03-01",
        "symbol": "ADBE",
        "reportedCurrency": "USD",
        "fillingDate": "2019-03-27",
        "acceptedDate": "2019-03-27 16:07:38",
        "period": "Q1",
        "revenue": 2600946000,
        "costOfRevenue": 397286000,
        "grossProfit": 2203660000,
        "grossProfitRatio": 0.8472532686184181,
        "researchAndDevelopmentExpenses": 464637000,
        "generalAndAdministrativeExpenses": 216109000,
        "sellingAndMarketingExpenses": 781518000,
        "otherExpenses": 46566000,
        "operatingExpenses": 1508830000,
        "costAndExpenses": 1906116000,
        "interestExpense": 40593000,
        "depreciationAndAmortization": 144898000,
        "ebitda": 839728000,
        "ebitdaratio": 0.32285483820117755,
        "operatingIncome": 694830000,
        "operatingIncomeRatio": 0.26714510797225316,
        "totalOtherIncomeExpensesNet": 4266000.0,
        "incomeBeforeTax": 702334000,
        "incomeBeforeTaxRatio": 0.2700302120843724,
        "incomeTaxExpense": 28093000,
        "netIncome": 674241000,
        "netIncomeRatio": 0.25922914201217556,
        "eps": 1.36434,
        "epsdiluted": 1.36434,
        "weightedAverageShsOut": 494188000,
        "weightedAverageShsOutDil": 494188000,
        "link": "https://www.sec.gov/Archives/edgar/data/796343/000079634319000079/0000796343-19-000079-index.htm",
        "finalLink": "https://www.sec.gov/Archives/edgar/data/796343/000079634319000019/adbe10kfy18.htm"
    },
    {
        "date": "2018-11-30",
        "symbol": "ADBE",
        "reportedCurrency": "USD",
        "fillingDate": "2019-01-25",
        "acceptedDate": "2019-01-25 06:24:29",
        "period": "Q4",
        "revenue": 2464625000,
        "costOfRevenue": 359261000,
        "grossProfit": 2105364000,
        "grossProfitRatio": 0.854232996906223,
        "researchAndDevelopmentExpenses": 415958000,
        "generalAndAdministrativeExpenses": 212355000,
        "sellingAndMarketingExpenses": 723573000,
        "otherExpenses": 40000.0,
        "operatingExpenses": 1384818000,
        "costAndExpenses": 1744079000,
        "interestExpense": 27873000,
        "depreciationAndAmortization": 106720000,
        "ebitda": 827266000,
        "ebitdaratio": 0.3356559314297307,
        "operatingIncome": 720546000,
        "operatingIncomeRatio": 0.29235522645432876,
        "totalOtherIncomeExpensesNet": -16034000,
        "incomeBeforeTax": 699217000,
        "incomeBeforeTaxRatio": 0.28370117157782626,
        "incomeTaxExpense": 20977000,
        "netIncome": 678240000,
        "netIncomeRatio": 0.27518993761728455,
        "eps": 1.39,
        "epsdiluted": 1.37,
        "weightedAverageShsOut": 488246000,
        "weightedAverageShsOutDil": 495118000,
        "link": "https://www.sec.gov/Archives/edgar/data/796343/000079634319000019/0000796343-19-000019-index.htm",
        "finalLink": "https://www.sec.gov/Archives/edgar/data/796343/000079634319000019/adbe10kfy18.htm"
    },
    {
        "date": "2018-08-31",
        "symbol": "ADBE",
        "reportedCurrency": "USD",
        "fillingDate": "2018-09-26",
        "acceptedDate": "2018-09-26 16:10:19",
        "period": "Q3",
        "revenue": 2291076000,
        "costOfRevenue": 295492000,
        "grossProfit": 1995584000,
        "grossProfitRatio": 0.8710247935904353,
        "researchAndDevelopmentExpenses": 398957000,
        "generalAndAdministrativeExpenses": 184063000,
        "sellingAndMarketingExpenses": 670084000,
        "otherExpenses": 41000.0,
        "operatingExpenses": 1276978000,
        "costAndExpenses": 1572470000,
        "interestExpense": 21107000,
        "depreciationAndAmortization": 86890000,
        "ebitda": 805496000,
        "ebitdaratio": 0.3515797817270139,
        "operatingIncome": 718606000,
        "operatingIncomeRatio": 0.3136543702609603,
        "totalOtherIncomeExpensesNet": -17702000,
        "incomeBeforeTax": 701358000,
        "incomeBeforeTaxRatio": 0.30612602986544313,
        "incomeTaxExpense": 35067000,
        "netIncome": 666291000,
        "netIncomeRatio": 0.29082012120069345,
        "eps": 1.36,
        "epsdiluted": 1.34,
        "weightedAverageShsOut": 490025000,
        "weightedAverageShsOutDil": 496866000,
        "link": "https://www.sec.gov/Archives/edgar/data/796343/000079634318000160/0000796343-18-000160-index.htm",
        "finalLink": "https://www.sec.gov/Archives/edgar/data/796343/000079634318000160/adbe10qq318.htm"
    },
    {
        "date": "2018-06-01",
        "symbol": "ADBE",
        "reportedCurrency": "USD",
        "fillingDate": "2018-06-27",
        "acceptedDate": "2018-06-27 16:12:04",
        "period": "Q2",
        "revenue": 2195400000,
        "costOfRevenue": 281300000,
        "grossProfit": 1914100000,
        "grossProfitRatio": 0.8718684522182746,
        "researchAndDevelopmentExpenses": 374100000,
        "generalAndAdministrativeExpenses": 178085000,
        "sellingAndMarketingExpenses": 646215000,
        "otherExpenses": 17149000,
        "operatingExpenses": 1215600000,
        "costAndExpenses": 1496900000,
        "interestExpense": 20363000,
        "depreciationAndAmortization": 76400000,
        "ebitda": 774900000,
        "ebitdaratio": 0.352965291063132,
        "operatingIncome": 698500000,
        "operatingIncomeRatio": 0.31816525462330325,
        "totalOtherIncomeExpensesNet": 9400000.0,
        "incomeBeforeTax": 690800000,
        "incomeBeforeTaxRatio": 0.3146579211077708,
        "incomeTaxExpense": -400000.0,
        "netIncome": 663200000,
        "netIncomeRatio": 0.3020861801949531,
        "eps": 1.33093,
        "epsdiluted": 1.33093,
        "weightedAverageShsOut": 498300000,
        "weightedAverageShsOutDil": 498300000,
        "link": "https://www.sec.gov/Archives/edgar/data/796343/000079634318000134/0000796343-18-000134-index.htm",
        "finalLink": "https://www.sec.gov/Archives/edgar/data/796343/000079634318000134/adbe10qq218.htm"
    },
    {
        "date": "2018-03-02",
        "symbol": "ADBE",
        "reportedCurrency": "USD",
        "fillingDate": "2018-03-28",
        "acceptedDate": "2018-03-28 16:03:36",
        "period": "Q1",
        "revenue": 2078900000,
        "costOfRevenue": 258900000,
        "grossProfit": 1820000000,
        "grossProfitRatio": 0.8754629852325749,
        "researchAndDevelopmentExpenses": 348800000,
        "generalAndAdministrativeExpenses": 170443000,
        "sellingAndMarketingExpenses": 580957000,
        "otherExpenses": 17146000,
        "operatingExpenses": 1117300000.0000002,
        "costAndExpenses": 1376200000.0000002,
        "interestExpense": 19899000,
        "depreciationAndAmortization": 76500000,
        "ebitda": 779200000,
        "ebitdaratio": 0.3748136033479244,
        "operatingIncome": 702700000,
        "operatingIncomeRatio": 0.33801529655106066,
        "totalOtherIncomeExpensesNet": 14000000,
        "incomeBeforeTax": 702500000,
        "incomeBeforeTaxRatio": 0.3379190918274087,
        "incomeTaxExpense": -8600000.0,
        "netIncome": 583100000,
        "netIncomeRatio": 0.2804848718072057,
        "eps": 1.1676,
        "epsdiluted": 1.1676,
        "weightedAverageShsOut": 499400000,
        "weightedAverageShsOutDil": 499400000,
        "link": "https://www.sec.gov/Archives/edgar/data/796343/000079634318000065/0000796343-18-000065-index.htm",
        "finalLink": "https://www.sec.gov/Archives/edgar/data/796343/000079634318000015/adbe10kfy17.htm"
    },
    {
        "date": "2017-12-01",
        "symbol": "ADBE",
        "reportedCurrency": "USD",
        "fillingDate": "2018-01-22",
        "acceptedDate": "2018-01-22 16:07:26",
        "period": "Q4",
        "revenue": 2006600000,
        "costOfRevenue": 270900000,
        "grossProfit": 1735700000,
        "grossProfitRatio": 0.8649955148011562,
        "researchAndDevelopmentExpenses": 324000000,
        "generalAndAdministrativeExpenses": 169596000,
        "sellingAndMarketingExpenses": 574104000,
        "otherExpenses": 18686000,
        "operatingExpenses": 1086400000,
        "costAndExpenses": 1357300000,
        "interestExpense": 19116000,
        "depreciationAndAmortization": 81199999.99999999,
        "ebitda": 730500000,
        "ebitdaratio": 0.364048639489684,
        "operatingIncome": 649300000,
        "operatingIncomeRatio": 0.32358217880992723,
        "totalOtherIncomeExpensesNet": 8300000.0,
        "incomeBeforeTax": 643000000,
        "incomeBeforeTaxRatio": 0.32044253961925645,
        "incomeTaxExpense": 141500000,
        "netIncome": 501500000,
        "netIncomeRatio": 0.2499252466859364,
        "eps": 1.0004,
        "epsdiluted": 1.0004,
        "weightedAverageShsOut": 501300000,
        "weightedAverageShsOutDil": 501300000,
        "link": "https://www.sec.gov/Archives/edgar/data/796343/000079634318000015/0000796343-18-000015-index.htm",
        "finalLink": "https://www.sec.gov/Archives/edgar/data/796343/000079634318000015/adbe10kfy17.htm"
    },
    {
        "date": "2017-09-01",
        "symbol": "ADBE",
        "reportedCurrency": "USD",
        "fillingDate": "2017-09-27",
        "acceptedDate": "2017-09-27 17:32:14",
        "period": "Q3",
        "revenue": 1841100000,
        "costOfRevenue": 262900000,
        "grossProfit": 1578200000,
        "grossProfitRatio": 0.8572049318342295,
        "researchAndDevelopmentExpenses": 315600000,
        "generalAndAdministrativeExpenses": 147407000,
        "sellingAndMarketingExpenses": 550093000,
        "otherExpenses": 19428000,
        "operatingExpenses": 1032500000,
        "costAndExpenses": 1295400000,
        "interestExpense": 18809000,
        "depreciationAndAmortization": 82400000,
        "ebitda": 628100000,
        "ebitdaratio": 0.34115474444625493,
        "operatingIncome": 545700000,
        "operatingIncomeRatio": 0.296398891966759,
        "totalOtherIncomeExpensesNet": 3300000.0,
        "incomeBeforeTax": 541400000,
        "incomeBeforeTaxRatio": 0.29406333170387267,
        "incomeTaxExpense": 121800000,
        "netIncome": 419600000,
        "netIncomeRatio": 0.22790722937374397,
        "eps": 0.83853,
        "epsdiluted": 0.83853,
        "weightedAverageShsOut": 500400000,
        "weightedAverageShsOutDil": 500400000,
        "link": "https://www.sec.gov/Archives/edgar/data/796343/000079634317000157/0000796343-17-000157-index.htm",
        "finalLink": "https://www.sec.gov/Archives/edgar/data/796343/000079634317000157/adbe10qq317.htm"
    },
    {
        "date": "2017-06-02",
        "symbol": "ADBE",
        "reportedCurrency": "USD",
        "fillingDate": "2017-06-28",
        "acceptedDate": "2017-06-28 16:04:35",
        "period": "Q2",
        "revenue": 1772200000,
        "costOfRevenue": 239400000,
        "grossProfit": 1532800000,
        "grossProfitRatio": 0.8649136666290487,
        "researchAndDevelopmentExpenses": 299400000,
        "generalAndAdministrativeExpenses": 156902000,
        "sellingAndMarketingExpenses": 553098000,
        "otherExpenses": 19320000,
        "operatingExpenses": 1028699999.9999998,
        "costAndExpenses": 1268099999.9999998,
        "interestExpense": 18347000,
        "depreciationAndAmortization": 81600000.00000001,
        "ebitda": 585700000,
        "ebitdaratio": 0.33049317232817965,
        "operatingIncome": 504100000,
        "operatingIncomeRatio": 0.28444870782078774,
        "totalOtherIncomeExpensesNet": 7200000.0,
        "incomeBeforeTax": 492600000,
        "incomeBeforeTaxRatio": 0.27795959823947636,
        "incomeTaxExpense": 118200000,
        "netIncome": 374400000,
        "netIncomeRatio": 0.21126283715156302,
        "eps": 0.7482,
        "epsdiluted": 0.7482,
        "weightedAverageShsOut": 500400000,
        "weightedAverageShsOutDil": 500400000,
        "link": "https://www.sec.gov/Archives/edgar/data/796343/000079634317000130/0000796343-17-000130-index.htm",
        "finalLink": "https://www.sec.gov/Archives/edgar/data/796343/000079634317000130/adbe10qq217.htm"
    },
    {
        "date": "2017-03-03",
        "symbol": "ADBE",
        "reportedCurrency": "USD",
        "fillingDate": "2017-03-29",
        "acceptedDate": "2017-03-29 16:11:01",
        "period": "Q1",
        "revenue": 1681600000,
        "costOfRevenue": 237300000,
        "grossProfit": 1444300000,
        "grossProfitRatio": 0.858884395813511,
        "researchAndDevelopmentExpenses": 285100000,
        "generalAndAdministrativeExpenses": 150803000,
        "sellingAndMarketingExpenses": 520297000,
        "otherExpenses": 19128000,
        "operatingExpenses": 975300000,
        "costAndExpenses": 1212600000,
        "interestExpense": 18130000,
        "depreciationAndAmortization": 80800000,
        "ebitda": 549800000,
        "ebitdaratio": 0.3269505233111323,
        "operatingIncome": 469000000,
        "operatingIncomeRatio": 0.2789010466222645,
        "totalOtherIncomeExpensesNet": 5000000.0,
        "incomeBeforeTax": 460600000,
        "incomeBeforeTaxRatio": 0.2739058039961941,
        "incomeTaxExpense": 62200000,
        "netIncome": 398400000,
        "netIncomeRatio": 0.2369172216936251,
        "eps": 0.79537,
        "epsdiluted": 0.79537,
        "weightedAverageShsOut": 500900000,
        "weightedAverageShsOutDil": 500900000,
        "link": "https://www.sec.gov/Archives/edgar/data/796343/000079634317000088/0000796343-17-000088-index.htm",
        "finalLink": "https://www.sec.gov/Archives/edgar/data/796343/000079634317000031/adbe10kfy16.htm"
    },
    {
        "date": "2016-12-02",
        "symbol": "ADBE",
        "reportedCurrency": "USD",
        "fillingDate": "2017-01-20",
        "acceptedDate": "2017-01-20 16:14:43",
        "period": "Q4",
        "revenue": 1608400000,
        "costOfRevenue": 216600000,
        "grossProfit": 1391800000,
        "grossProfitRatio": 0.8653320069634419,
        "researchAndDevelopmentExpenses": 257800000,
        "generalAndAdministrativeExpenses": 148458000,
        "sellingAndMarketingExpenses": 495042000,
        "otherExpenses": 18215000,
        "operatingExpenses": 919499999.9999999,
        "costAndExpenses": 1136100000,
        "interestExpense": 17518000,
        "depreciationAndAmortization": 81800000.00000001,
        "ebitda": 554100000,
        "ebitdaratio": 0.3445038547624969,
        "operatingIncome": 472300000,
        "operatingIncomeRatio": 0.2936458592389953,
        "totalOtherIncomeExpensesNet": 553000.0,
        "incomeBeforeTax": 456700000,
        "incomeBeforeTaxRatio": 0.2839467794081074,
        "incomeTaxExpense": 57100000,
        "netIncome": 399600000,
        "netIncomeRatio": 0.24844566028351156,
        "eps": 0.79633,
        "epsdiluted": 0.79633,
        "weightedAverageShsOut": 501800000,
        "weightedAverageShsOutDil": 501800000,
        "link": "https://www.sec.gov/Archives/edgar/data/796343/000079634317000031/0000796343-17-000031-index.htm",
        "finalLink": "https://www.sec.gov/Archives/edgar/data/796343/000079634317000031/adbe10kfy16.htm"
    },
    {
        "date": "2016-09-02",
        "symbol": "ADBE",
        "reportedCurrency": "USD",
        "fillingDate": "2016-09-27",
        "acceptedDate": "2016-09-27 16:07:17",
        "period": "Q3",
        "revenue": 1464000000,
        "costOfRevenue": 202700000,
        "grossProfit": 1261300000,
        "grossProfitRatio": 0.8615437158469945,
        "researchAndDevelopmentExpenses": 248500000,
        "generalAndAdministrativeExpenses": 143725000,
        "sellingAndMarketingExpenses": 477475000,
        "otherExpenses": 22314000,
        "operatingExpenses": 891899999.9999999,
        "costAndExpenses": 1094600000,
        "interestExpense": 17281000,
        "depreciationAndAmortization": 84000000,
        "ebitda": 453300000,
        "ebitdaratio": 0.3096311475409836,
        "operatingIncome": 369300000,
        "operatingIncomeRatio": 0.25225409836065577,
        "totalOtherIncomeExpensesNet": 2725000.0,
        "incomeBeforeTax": 356300000,
        "incomeBeforeTaxRatio": 0.2433743169398907,
        "incomeTaxExpense": 85500000,
        "netIncome": 270800000,
        "netIncomeRatio": 0.1849726775956284,
        "eps": 0.53762,
        "epsdiluted": 0.53762,
        "weightedAverageShsOut": 503700000,
        "weightedAverageShsOutDil": 503700000,
        "link": "https://www.sec.gov/Archives/edgar/data/796343/000079634316000395/0000796343-16-000395-index.htm",
        "finalLink": "https://www.sec.gov/Archives/edgar/data/796343/000079634316000395/adbe10qq316.htm"
    },
    {
        "date": "2016-06-03",
        "symbol": "ADBE",
        "reportedCurrency": "USD",
        "fillingDate": "2016-06-29",
        "acceptedDate": "2016-06-29 16:04:56",
        "period": "Q2",
        "revenue": 1398700000,
        "costOfRevenue": 202100000,
        "grossProfit": 1196600000,
        "grossProfitRatio": 0.855508686637592,
        "researchAndDevelopmentExpenses": 232500000,
        "generalAndAdministrativeExpenses": 138611000,
        "sellingAndMarketingExpenses": 462789000,
        "otherExpenses": 18522000,
        "operatingExpenses": 852400000,
        "costAndExpenses": 1054500000,
        "interestExpense": 17174000,
        "depreciationAndAmortization": 84499999.99999999,
        "ebitda": 428700000,
        "ebitdaratio": 0.3064988918281261,
        "operatingIncome": 344200000,
        "operatingIncomeRatio": 0.2460856509616072,
        "totalOtherIncomeExpensesNet": 6083000.0,
        "incomeBeforeTax": 329800000,
        "incomeBeforeTaxRatio": 0.23579037677843712,
        "incomeTaxExpense": 85800000,
        "netIncome": 244100000,
        "netIncomeRatio": 0.17451919639665403,
        "eps": 0.48365,
        "epsdiluted": 0.48365,
        "weightedAverageShsOut": 504700000,
        "weightedAverageShsOutDil": 504700000,
        "link": "https://www.sec.gov/Archives/edgar/data/796343/000079634316000352/0000796343-16-000352-index.htm",
        "finalLink": "https://www.sec.gov/Archives/edgar/data/796343/000079634316000352/adbe10qq216.htm"
    },
    {
        "date": "2016-03-04",
        "symbol": "ADBE",
        "reportedCurrency": "USD",
        "fillingDate": "2016-03-30",
        "acceptedDate": "2016-03-30 08:25:52",
        "period": "Q1",
        "revenue": 1383300000,
        "costOfRevenue": 198600000,
        "grossProfit": 1184700000,
        "grossProfitRatio": 0.8564302754283236,
        "researchAndDevelopmentExpenses": 237200000,
        "generalAndAdministrativeExpenses": 146909000,
        "sellingAndMarketingExpenses": 474891000,
        "otherExpenses": 17975000,
        "operatingExpenses": 876999999.9999999,
        "costAndExpenses": 1075600000,
        "interestExpense": 18469000,
        "depreciationAndAmortization": 81200000,
        "ebitda": 389000000,
        "ebitdaratio": 0.2812115954601316,
        "operatingIncome": 307800000,
        "operatingIncomeRatio": 0.2225113858165257,
        "totalOtherIncomeExpensesNet": 4187000.0,
        "incomeBeforeTax": 292300000,
        "incomeBeforeTaxRatio": 0.21130629653726596,
        "incomeTaxExpense": 38000000,
        "netIncome": 254300000,
        "netIncomeRatio": 0.18383575507843564,
        "eps": 0.50287,
        "epsdiluted": 0.50287,
        "weightedAverageShsOut": 505700000,
        "weightedAverageShsOutDil": 505700000,
        "link": "https://www.sec.gov/Archives/edgar/data/796343/000079634316000290/0000796343-16-000290-index.htm",
        "finalLink": "https://www.sec.gov/Archives/edgar/data/796343/000079634316000224/adbe10kfy15.htm"
    },
    {
        "date": "2015-11-27",
        "symbol": "ADBE",
        "reportedCurrency": "USD",
        "fillingDate": "2016-01-19",
        "acceptedDate": "2016-01-19 08:05:29",
        "period": "Q4",
        "revenue": 1306400000,
        "costOfRevenue": 201400000,
        "grossProfit": 1105000000,
        "grossProfitRatio": 0.8458358848744642,
        "researchAndDevelopmentExpenses": 220500000,
        "generalAndAdministrativeExpenses": 134028000,
        "sellingAndMarketingExpenses": 441472000,
        "otherExpenses": 18571000,
        "operatingExpenses": 814600000,
        "costAndExpenses": 1016000000,
        "interestExpense": 16515000,
        "depreciationAndAmortization": 86400000,
        "ebitda": 376800000,
        "ebitdaratio": 0.288426209430496,
        "operatingIncome": 290400000,
        "operatingIncomeRatio": 0.2222902633190447,
        "totalOtherIncomeExpensesNet": 21500000,
        "incomeBeforeTax": 296900000,
        "incomeBeforeTaxRatio": 0.22726576852418862,
        "incomeTaxExpense": 74200000,
        "netIncome": 222700000,
        "netIncomeRatio": 0.17046846295162277,
        "eps": 0.43899,
        "epsdiluted": 0.43899,
        "weightedAverageShsOut": 507300000,
        "weightedAverageShsOutDil": 507300000,
        "link": "https://www.sec.gov/Archives/edgar/data/796343/000079634316000224/0000796343-16-000224-index.htm",
        "finalLink": "https://www.sec.gov/Archives/edgar/data/796343/000079634316000224/adbe10kfy15.htm"
    },
    {
        "date": "2015-08-28",
        "symbol": "ADBE",
        "reportedCurrency": "USD",
        "fillingDate": "2015-09-23",
        "acceptedDate": "2015-09-23 16:10:37",
        "period": "Q3",
        "revenue": 1217800000,
        "costOfRevenue": 191000000,
        "grossProfit": 1026800000,
        "grossProfitRatio": 0.8431597963540811,
        "researchAndDevelopmentExpenses": 218700000,
        "generalAndAdministrativeExpenses": 122569000,
        "sellingAndMarketingExpenses": 422031000,
        "otherExpenses": 17495000,
        "operatingExpenses": 780700000,
        "costAndExpenses": 971700000,
        "interestExpense": 16519000,
        "depreciationAndAmortization": 87500000,
        "ebitda": 333500000,
        "ebitdaratio": 0.27385449170635573,
        "operatingIncome": 246000000,
        "operatingIncomeRatio": 0.20200361307275413,
        "totalOtherIncomeExpensesNet": 200000.0,
        "incomeBeforeTax": 232600000,
        "incomeBeforeTaxRatio": 0.19100016423057972,
        "incomeTaxExpense": 58200000,
        "netIncome": 174500000,
        "netIncomeRatio": 0.1432911808178683,
        "eps": 0.345,
        "epsdiluted": 0.345,
        "weightedAverageShsOut": 505800000,
        "weightedAverageShsOutDil": 505800000,
        "link": "https://www.sec.gov/Archives/edgar/data/796343/000079634315000188/0000796343-15-000188-index.htm",
        "finalLink": "https://www.sec.gov/Archives/edgar/data/796343/000079634315000188/adbe10qq315.htm"
    },
    {
        "date": "2015-05-29",
        "symbol": "ADBE",
        "reportedCurrency": "USD",
        "fillingDate": "2015-06-24",
        "acceptedDate": "2015-06-24 16:04:07",
        "period": "Q2",
        "revenue": 1162200000,
        "costOfRevenue": 185200000,
        "grossProfit": 977000000,
        "grossProfitRatio": 0.84064704870074,
        "researchAndDevelopmentExpenses": 208000000,
        "generalAndAdministrativeExpenses": 130202000,
        "sellingAndMarketingExpenses": 426998000,
        "otherExpenses": 18115000,
        "operatingExpenses": 783300000,
        "costAndExpenses": 968500000,
        "interestExpense": 16605000,
        "depreciationAndAmortization": 86000000,
        "ebitda": 279600000,
        "ebitdaratio": 0.24057821373257615,
        "operatingIncome": 193600000,
        "operatingIncomeRatio": 0.1665806229564619,
        "totalOtherIncomeExpensesNet": 300000.0,
        "incomeBeforeTax": 181000000,
        "incomeBeforeTaxRatio": 0.1557391154706591,
        "incomeTaxExpense": 33500000,
        "netIncome": 147500000,
        "netIncomeRatio": 0.12691447255205646,
        "eps": 0.29173,
        "epsdiluted": 0.29173,
        "weightedAverageShsOut": 505600000,
        "weightedAverageShsOutDil": 505600000,
        "link": "https://www.sec.gov/Archives/edgar/data/796343/000079634315000151/0000796343-15-000151-index.htm",
        "finalLink": "https://www.sec.gov/Archives/edgar/data/796343/000079634315000151/adbe10qq215.htm"
    },
    {
        "date": "2015-02-27",
        "symbol": "ADBE",
        "reportedCurrency": "USD",
        "fillingDate": "2015-03-25",
        "acceptedDate": "2015-03-25 16:02:05",
        "period": "Q1",
        "revenue": 1109200000,
        "costOfRevenue": 166800000,
        "grossProfit": 942400000,
        "grossProfitRatio": 0.849621348719798,
        "researchAndDevelopmentExpenses": 215500000,
        "generalAndAdministrativeExpenses": 145059000,
        "sellingAndMarketingExpenses": 392741000,
        "otherExpenses": 16027000,
        "operatingExpenses": 769400000.0000001,
        "costAndExpenses": 936200000.0000001,
        "interestExpense": 14545000,
        "depreciationAndAmortization": 79600000,
        "ebitda": 252600000,
        "ebitdaratio": 0.22773169852145692,
        "operatingIncome": 173000000,
        "operatingIncomeRatio": 0.1559682654165164,
        "totalOtherIncomeExpensesNet": 400000.0,
        "incomeBeforeTax": 163200000,
        "incomeBeforeTaxRatio": 0.14713306887847097,
        "incomeTaxExpense": 78400000,
        "netIncome": 84900000,
        "netIncomeRatio": 0.07654165164082222,
        "eps": 0.16729,
        "epsdiluted": 0.16729,
        "weightedAverageShsOut": 507500000,
        "weightedAverageShsOutDil": 507500000,
        "link": "https://www.sec.gov/Archives/edgar/data/796343/000079634315000084/0000796343-15-000084-index.htm",
        "finalLink": "https://www.sec.gov/Archives/edgar/data/796343/000079634315000022/adbe10kfy14.htm"
    },
    {
        "date": "2014-11-28",
        "symbol": "ADBE",
        "reportedCurrency": "USD",
        "fillingDate": "2015-01-20",
        "acceptedDate": "2015-01-20 06:42:30",
        "period": "Q4",
        "revenue": 1073300000,
        "costOfRevenue": 160900000,
        "grossProfit": 912400000,
        "grossProfitRatio": 0.8500885120655921,
        "researchAndDevelopmentExpenses": 213700000,
        "generalAndAdministrativeExpenses": 133538000,
        "sellingAndMarketingExpenses": 408862000,
        "otherExpenses": 31797000,
        "operatingExpenses": 787900000,
        "costAndExpenses": 948800000,
        "interestExpense": 12678000,
        "depreciationAndAmortization": 78200000.00000001,
        "ebitda": 202700000,
        "ebitdaratio": 0.18885679679493153,
        "operatingIncome": 124500000,
        "operatingIncomeRatio": 0.11599739122332992,
        "totalOtherIncomeExpensesNet": 100000.0,
        "incomeBeforeTax": 112300000,
        "incomeBeforeTaxRatio": 0.10463057858939719,
        "incomeTaxExpense": 24100000,
        "netIncome": 88100000,
        "netIncomeRatio": 0.08208329451225194,
        "eps": 0.17336,
        "epsdiluted": 0.17336,
        "weightedAverageShsOut": 508200000,
        "weightedAverageShsOutDil": 508200000,
        "link": "https://www.sec.gov/Archives/edgar/data/796343/000079634315000022/0000796343-15-000022-index.htm",
        "finalLink": "https://www.sec.gov/Archives/edgar/data/796343/000079634315000022/adbe10kfy14.htm"
    },
    {
        "date": "2014-08-29",
        "symbol": "ADBE",
        "reportedCurrency": "USD",
        "fillingDate": "2014-09-25",
        "acceptedDate": "2014-09-25 16:20:37",
        "period": "Q3",
        "revenue": 1005400000,
        "costOfRevenue": 157700000,
        "grossProfit": 847700000,
        "grossProfitRatio": 0.8431470061666998,
        "researchAndDevelopmentExpenses": 212000000,
        "generalAndAdministrativeExpenses": 141725000,
        "sellingAndMarketingExpenses": 406475000,
        "otherExpenses": 13309000,
        "operatingExpenses": 773500000,
        "costAndExpenses": 931200000,
        "interestExpense": 13361000,
        "depreciationAndAmortization": 80100000,
        "ebitda": 154300000,
        "ebitdaratio": 0.15347125522180227,
        "operatingIncome": 74200000,
        "operatingIncomeRatio": 0.07380147205092501,
        "totalOtherIncomeExpensesNet": 200000.0,
        "incomeBeforeTax": 62900000,
        "incomeBeforeTaxRatio": 0.06256216431271136,
        "incomeTaxExpense": 18300000,
        "netIncome": 44700000,
        "netIncomeRatio": 0.04445991645116371,
        "eps": 0.08803,
        "epsdiluted": 0.08803,
        "weightedAverageShsOut": 507800000,
        "weightedAverageShsOutDil": 507800000,
        "link": "https://www.sec.gov/Archives/edgar/data/796343/000079634314000092/0000796343-14-000092-index.htm",
        "finalLink": "https://www.sec.gov/Archives/edgar/data/796343/000079634314000092/adbe10qq314.htm"
    },
    {
        "date": "2014-05-30",
        "symbol": "ADBE",
        "reportedCurrency": "USD",
        "fillingDate": "2014-06-25",
        "acceptedDate": "2014-06-25 16:04:10",
        "period": "Q2",
        "revenue": 1068200000,
        "costOfRevenue": 154900000,
        "grossProfit": 913300000,
        "grossProfitRatio": 0.8549897023029395,
        "researchAndDevelopmentExpenses": 209100000,
        "generalAndAdministrativeExpenses": 129170000,
        "sellingAndMarketingExpenses": 426830000,
        "otherExpenses": 12986000,
        "operatingExpenses": 778100000,
        "costAndExpenses": 933000000,
        "interestExpense": 17103000,
        "depreciationAndAmortization": 77700000.00000001,
        "ebitda": 213000000,
        "ebitdaratio": 0.19940086126193596,
        "operatingIncome": 135300000,
        "operatingIncomeRatio": 0.12666167384384946,
        "totalOtherIncomeExpensesNet": 300000.0,
        "incomeBeforeTax": 121300000,
        "incomeBeforeTaxRatio": 0.11355551394869874,
        "incomeTaxExpense": 32700000,
        "netIncome": 88500000,
        "netIncomeRatio": 0.08284965362291706,
        "eps": 0.17466,
        "epsdiluted": 0.17466,
        "weightedAverageShsOut": 506700000,
        "weightedAverageShsOutDil": 506700000,
        "link": "https://www.sec.gov/Archives/edgar/data/796343/000079634314000046/0000796343-14-000046-index.htm",
        "finalLink": "https://www.sec.gov/Archives/edgar/data/796343/000079634314000046/adbe10qq214.htm"
    },
    {
        "date": "2014-02-28",
        "symbol": "ADBE",
        "reportedCurrency": "USD",
        "fillingDate": "2014-03-28",
        "acceptedDate": "2014-03-28 16:01:15",
        "period": "Q1",
        "revenue": 1000120000,
        "costOfRevenue": 148509000,
        "grossProfit": 851611000,
        "grossProfitRatio": 0.851508818941727,
        "researchAndDevelopmentExpenses": 209525000,
        "generalAndAdministrativeExpenses": 138984000,
        "sellingAndMarketingExpenses": 410141000,
        "otherExpenses": 177000.0,
        "operatingExpenses": 772202000,
        "costAndExpenses": 920711000,
        "interestExpense": 16590000,
        "depreciationAndAmortization": 77636000,
        "ebitda": 157045000,
        "ebitdaratio": 0.15702615686117666,
        "operatingIncome": 79409000,
        "operatingIncomeRatio": 0.07939947206335239,
        "totalOtherIncomeExpensesNet": -3061000.0,
        "incomeBeforeTax": 64892000,
        "incomeBeforeTaxRatio": 0.06488421389433267,
        "incomeTaxExpense": 17846000,
        "netIncome": 47046000,
        "netIncomeRatio": 0.047040355157381114,
        "eps": 0.09466986485507538,
        "epsdiluted": 0.0925482944485974,
        "weightedAverageShsOut": 496948000,
        "weightedAverageShsOutDil": 508340000,
        "link": "https://www.sec.gov/Archives/edgar/data/796343/000079634314000023/0000796343-14-000023-index.htm",
        "finalLink": "https://www.sec.gov/Archives/edgar/data/796343/000079634314000004/adbe10kfy13.htm"
    },
    {
        "date": "2013-11-29",
        "symbol": "ADBE",
        "reportedCurrency": "USD",
        "fillingDate": "2014-01-21",
        "acceptedDate": "2014-01-21 16:15:24",
        "period": "Q4",
        "revenue": 1041700000,
        "costOfRevenue": 147500000,
        "grossProfit": 894200000,
        "grossProfitRatio": 0.8584045310550062,
        "researchAndDevelopmentExpenses": 205200000,
        "generalAndAdministrativeExpenses": 138360000,
        "sellingAndMarketingExpenses": 431540000,
        "otherExpenses": 16253000,
        "operatingExpenses": 791400000,
        "costAndExpenses": 938900000,
        "interestExpense": 16722000,
        "depreciationAndAmortization": 81299999.99999999,
        "ebitda": 184100000,
        "ebitdaratio": 0.17673034462897189,
        "operatingIncome": 102800000,
        "operatingIncomeRatio": 0.09868484208505328,
        "totalOtherIncomeExpensesNet": 300000.0,
        "incomeBeforeTax": 88300000,
        "incomeBeforeTaxRatio": 0.08476528751079966,
        "incomeTaxExpense": 23000000,
        "netIncome": 65300000,
        "netIncomeRatio": 0.06268599404819046,
        "eps": 0.12694,
        "epsdiluted": 0.12694,
        "weightedAverageShsOut": 514400000,
        "weightedAverageShsOutDil": 514400000,
        "link": "https://www.sec.gov/Archives/edgar/data/796343/000079634314000004/0000796343-14-000004-index.htm",
        "finalLink": "https://www.sec.gov/Archives/edgar/data/796343/000079634314000004/adbe10kfy13.htm"
    },
    {
        "date": "2013-08-30",
        "symbol": "ADBE",
        "reportedCurrency": "USD",
        "fillingDate": "2013-10-03",
        "acceptedDate": "2013-10-03 16:19:15",
        "period": "Q3",
        "revenue": 995100000,
        "costOfRevenue": 147100000,
        "grossProfit": 848000000,
        "grossProfitRatio": 0.8521756607376143,
        "researchAndDevelopmentExpenses": 208700000,
        "generalAndAdministrativeExpenses": 128027000,
        "sellingAndMarketingExpenses": 388673000,
        "otherExpenses": 12273000,
        "operatingExpenses": 737699999.9999999,
        "costAndExpenses": 884799999.9999999,
        "interestExpense": 16747000,
        "depreciationAndAmortization": 82200000.00000001,
        "ebitda": 192600000,
        "ebitdaratio": 0.1935483870967742,
        "operatingIncome": 110400000,
        "operatingIncomeRatio": 0.11094362375640639,
        "totalOtherIncomeExpensesNet": 300000.0,
        "incomeBeforeTax": 93300000,
        "incomeBeforeTaxRatio": 0.09375942116370214,
        "incomeTaxExpense": 10300000,
        "netIncome": 83000000,
        "netIncomeRatio": 0.08340870264295046,
        "eps": 0.16145,
        "epsdiluted": 0.16145,
        "weightedAverageShsOut": 514100000,
        "weightedAverageShsOutDil": 514100000,
        "link": "https://www.sec.gov/Archives/edgar/data/796343/000079634313000058/0000796343-13-000058-index.htm",
        "finalLink": "https://www.sec.gov/Archives/edgar/data/796343/000079634313000058/adbe10qq313.htm"
    },
    {
        "date": "2013-05-31",
        "symbol": "ADBE",
        "reportedCurrency": "USD",
        "fillingDate": "2013-06-28",
        "acceptedDate": "2013-06-27 17:56:26",
        "period": "Q2",
        "revenue": 1010549000,
        "costOfRevenue": 135281000,
        "grossProfit": 875268000,
        "grossProfitRatio": 0.8661311821594004,
        "researchAndDevelopmentExpenses": 203097000,
        "generalAndAdministrativeExpenses": 120870000,
        "sellingAndMarketingExpenses": 402208000,
        "otherExpenses": 293000.0,
        "operatingExpenses": 738967000,
        "costAndExpenses": 874248000,
        "interestExpense": 17205000,
        "depreciationAndAmortization": 80950000,
        "ebitda": 217251000,
        "ebitdaratio": 0.2149831428263251,
        "operatingIncome": 136301000,
        "operatingIncomeRatio": 0.13487817018274226,
        "totalOtherIncomeExpensesNet": -33575000,
        "incomeBeforeTax": 91127000,
        "incomeBeforeTaxRatio": 0.090175736159256,
        "incomeTaxExpense": 14581000,
        "netIncome": 76546000,
        "netIncomeRatio": 0.07574694547221363,
        "eps": 0.15206283870762677,
        "epsdiluted": 0.14937378767714063,
        "weightedAverageShsOut": 503384000,
        "weightedAverageShsOutDil": 512446000,
        "link": "https://www.sec.gov/Archives/edgar/data/796343/000079634313000044/0000796343-13-000044-index.htm",
        "finalLink": "https://www.sec.gov/Archives/edgar/data/796343/000079634313000044/adbe10qq213.htm"
    },
    {
        "date": "2013-03-01",
        "symbol": "ADBE",
        "reportedCurrency": "USD",
        "fillingDate": "2013-03-28",
        "acceptedDate": "2013-03-28 16:09:09",
        "period": "Q1",
        "revenue": 1007900000,
        "costOfRevenue": 156700000,
        "grossProfit": 851200000,
        "grossProfitRatio": 0.8445282270066475,
        "researchAndDevelopmentExpenses": 209600000,
        "generalAndAdministrativeExpenses": 132867000,
        "sellingAndMarketingExpenses": 398033000,
        "otherExpenses": 12441000,
        "operatingExpenses": 752900000.0000001,
        "costAndExpenses": 909600000.0000001,
        "interestExpense": 16834000,
        "depreciationAndAmortization": 76800000,
        "ebitda": 175000000,
        "ebitdaratio": 0.17362833614445877,
        "operatingIncome": 98200000,
        "operatingIncomeRatio": 0.09743030062506201,
        "totalOtherIncomeExpensesNet": 200000.0,
        "incomeBeforeTax": 83500000,
        "incomeBeforeTaxRatio": 0.08284552038892748,
        "incomeTaxExpense": 18400000,
        "netIncome": 65100000,
        "netIncomeRatio": 0.06458974104573867,
        "eps": 0.1282,
        "epsdiluted": 0.1282,
        "weightedAverageShsOut": 507800000,
        "weightedAverageShsOutDil": 507800000,
        "link": "https://www.sec.gov/Archives/edgar/data/796343/000079634313000033/0000796343-13-000033-index.htm",
        "finalLink": "https://www.sec.gov/Archives/edgar/data/796343/000079634313000008/adbe10kfy12.htm"
    },
    {
        "date": "2012-11-30",
        "symbol": "ADBE",
        "reportedCurrency": "USD",
        "fillingDate": "2013-01-22",
        "acceptedDate": "2013-01-22 17:31:15",
        "period": "Q4",
        "revenue": 1153428000,
        "costOfRevenue": 124978000,
        "grossProfit": 1028450000,
        "grossProfitRatio": 0.8916464660126163,
        "researchAndDevelopmentExpenses": 195047000,
        "generalAndAdministrativeExpenses": 111449000,
        "sellingAndMarketingExpenses": 402181000,
        "otherExpenses": 0.0,
        "operatingExpenses": 720960000,
        "costAndExpenses": 845938000,
        "interestExpense": 16767000,
        "depreciationAndAmortization": 78621000,
        "ebitda": 386111000,
        "ebitdaratio": 0.3347508470403007,
        "operatingIncome": 307490000,
        "operatingIncomeRatio": 0.2665879448045305,
        "totalOtherIncomeExpensesNet": -5945000.0,
        "incomeBeforeTax": 290631000,
        "incomeBeforeTaxRatio": 0.2519715144768464,
        "incomeTaxExpense": 68298000,
        "netIncome": 222333000,
        "netIncomeRatio": 0.19275845566433275,
        "eps": 0.45,
        "epsdiluted": 0.44,
        "weightedAverageShsOut": 494906000,
        "weightedAverageShsOutDil": 502154000,
        "link": "https://www.sec.gov/Archives/edgar/data/796343/000079634313000008/0000796343-13-000008-index.htm",
        "finalLink": "https://www.sec.gov/Archives/edgar/data/796343/000079634313000008/adbe10kfy12.htm"
    },
    {
        "date": "2012-08-31",
        "symbol": "ADBE",
        "reportedCurrency": "USD",
        "fillingDate": "2012-09-27",
        "acceptedDate": "2012-09-27 16:35:48",
        "period": "Q3",
        "revenue": 1080580000,
        "costOfRevenue": 119621000,
        "grossProfit": 960959000,
        "grossProfitRatio": 0.8892992652094246,
        "researchAndDevelopmentExpenses": 189145000,
        "generalAndAdministrativeExpenses": 110249000,
        "sellingAndMarketingExpenses": 368556000,
        "otherExpenses": 0.0,
        "operatingExpenses": 680281000,
        "costAndExpenses": 799902000,
        "interestExpense": 17253000,
        "depreciationAndAmortization": 74110000,
        "ebitda": 354788000,
        "ebitdaratio": 0.32833108145625495,
        "operatingIncome": 280678000,
        "operatingIncomeRatio": 0.2597475429861741,
        "totalOtherIncomeExpensesNet": -6788000.0,
        "incomeBeforeTax": 263212000,
        "incomeBeforeTaxRatio": 0.24358400118454904,
        "incomeTaxExpense": 61855000,
        "netIncome": 201357000,
        "netIncomeRatio": 0.1863415943289715,
        "eps": 0.41,
        "epsdiluted": 0.4,
        "weightedAverageShsOut": 494051000,
        "weightedAverageShsOutDil": 499757000,
        "link": "https://www.sec.gov/Archives/edgar/data/796343/000079634312000029/0000796343-12-000029-index.htm",
        "finalLink": "https://www.sec.gov/Archives/edgar/data/796343/000079634312000029/adbe10qq312.htm"
    },
    {
        "date": "2012-06-01",
        "symbol": "ADBE",
        "reportedCurrency": "USD",
        "fillingDate": "2012-06-27",
        "acceptedDate": "2012-06-27 16:58:59",
        "period": "Q2",
        "revenue": 1124400000,
        "costOfRevenue": 130900000,
        "grossProfit": 993500000,
        "grossProfitRatio": 0.8835823550337958,
        "researchAndDevelopmentExpenses": 180900000,
        "generalAndAdministrativeExpenses": 110641000,
        "sellingAndMarketingExpenses": 386459000,
        "otherExpenses": 10423000,
        "operatingExpenses": 688400000,
        "costAndExpenses": 819300000,
        "interestExpense": 16629000,
        "depreciationAndAmortization": 77100000,
        "ebitda": 382200000,
        "ebitdaratio": 0.33991462113127,
        "operatingIncome": 305100000,
        "operatingIncomeRatio": 0.2713447171824973,
        "totalOtherIncomeExpensesNet": 300000.0,
        "incomeBeforeTax": 294600000,
        "incomeBeforeTaxRatio": 0.26200640341515474,
        "incomeTaxExpense": 70700000,
        "netIncome": 223900000,
        "netIncomeRatio": 0.19912842404838135,
        "eps": 0.44655,
        "epsdiluted": 0.44655,
        "weightedAverageShsOut": 501400000,
        "weightedAverageShsOutDil": 501400000,
        "link": "https://www.sec.gov/Archives/edgar/data/796343/000079634312000022/0000796343-12-000022-index.htm",
        "finalLink": "https://www.sec.gov/Archives/edgar/data/796343/000079634312000022/adbe10qq212.htm"
    },
    {
        "date": "2012-03-02",
        "symbol": "ADBE",
        "reportedCurrency": "USD",
        "fillingDate": "2012-03-30",
        "acceptedDate": "2012-03-29 19:45:02",
        "period": "Q1",
        "revenue": 1045200000,
        "costOfRevenue": 108300000,
        "grossProfit": 936900000,
        "grossProfitRatio": 0.8963834672789897,
        "researchAndDevelopmentExpenses": 177700000,
        "generalAndAdministrativeExpenses": 102637000,
        "sellingAndMarketingExpenses": 358963000,
        "otherExpenses": 8604000.0,
        "operatingExpenses": 647900000.0000001,
        "costAndExpenses": 756200000.0000001,
        "interestExpense": 16838000,
        "depreciationAndAmortization": 69900000,
        "ebitda": 358900000,
        "ebitdaratio": 0.343379257558362,
        "operatingIncome": 289000000,
        "operatingIncomeRatio": 0.2765021048603138,
        "totalOtherIncomeExpensesNet": 200000.0,
        "incomeBeforeTax": 270400000,
        "incomeBeforeTaxRatio": 0.25870646766169153,
        "incomeTaxExpense": 85200000,
        "netIncome": 185200000,
        "netIncomeRatio": 0.17719096823574434,
        "eps": 0.3701,
        "epsdiluted": 0.3701,
        "weightedAverageShsOut": 500400000,
        "weightedAverageShsOutDil": 500400000,
        "link": "https://www.sec.gov/Archives/edgar/data/796343/000079634312000013/0000796343-12-000013-index.htm",
        "finalLink": "https://www.sec.gov/Archives/edgar/data/796343/000079634312000003/adbe10kfy11.htm"
    },
    {
        "date": "2011-12-02",
        "symbol": "ADBE",
        "reportedCurrency": "USD",
        "fillingDate": "2012-01-26",
        "acceptedDate": "2012-01-26 16:10:33",
        "period": "Q4",
        "revenue": 1152200000,
        "costOfRevenue": 116400000,
        "grossProfit": 1035800000,
        "grossProfitRatio": 0.898975872244402,
        "researchAndDevelopmentExpenses": 195400000,
        "generalAndAdministrativeExpenses": 119570000,
        "sellingAndMarketingExpenses": 368330000,
        "otherExpenses": 106332000,
        "operatingExpenses": 789600000,
        "costAndExpenses": 906000000,
        "interestExpense": 16774000,
        "depreciationAndAmortization": 73299999.99999999,
        "ebitda": 319400000,
        "ebitdaratio": 0.27720881791355667,
        "operatingIncome": 246100000,
        "operatingIncomeRatio": 0.21359139038361397,
        "totalOtherIncomeExpensesNet": 200000.0,
        "incomeBeforeTax": 233200000,
        "incomeBeforeTaxRatio": 0.20239541746224612,
        "incomeTaxExpense": 59500000,
        "netIncome": 173700000,
        "netIncomeRatio": 0.1507550772435341,
        "eps": 0.34999,
        "epsdiluted": 0.34999,
        "weightedAverageShsOut": 496300000,
        "weightedAverageShsOutDil": 496300000,
        "link": "https://www.sec.gov/Archives/edgar/data/796343/000079634312000003/0000796343-12-000003-index.htm",
        "finalLink": "https://www.sec.gov/Archives/edgar/data/796343/000079634312000003/adbe10kfy11.htm"
    },
    {
        "date": "2011-09-02",
        "symbol": "ADBE",
        "reportedCurrency": "USD",
        "fillingDate": "2011-10-07",
        "acceptedDate": "2011-10-06 18:57:46",
        "period": "Q3",
        "revenue": 1013200000,
        "costOfRevenue": 104700000,
        "grossProfit": 908500000,
        "grossProfitRatio": 0.8966640347414133,
        "researchAndDevelopmentExpenses": 181000000,
        "generalAndAdministrativeExpenses": 98476000,
        "sellingAndMarketingExpenses": 340724000,
        "otherExpenses": 14192000,
        "operatingExpenses": 634400000,
        "costAndExpenses": 739100000,
        "interestExpense": 16431000,
        "depreciationAndAmortization": 64000000,
        "ebitda": 338100000,
        "ebitdaratio": 0.33369522305566524,
        "operatingIncome": 274100000,
        "operatingIncomeRatio": 0.27052901697591786,
        "totalOtherIncomeExpensesNet": 100000.0,
        "incomeBeforeTax": 256700000,
        "incomeBeforeTaxRatio": 0.2533557046979866,
        "incomeTaxExpense": 61600000,
        "netIncome": 195100000,
        "netIncomeRatio": 0.19255823134622976,
        "eps": 0.39122,
        "epsdiluted": 0.39122,
        "weightedAverageShsOut": 498700000,
        "weightedAverageShsOutDil": 498700000,
        "link": "https://www.sec.gov/Archives/edgar/data/796343/000079634311000015/0000796343-11-000015-index.htm",
        "finalLink": "https://www.sec.gov/Archives/edgar/data/796343/000079634311000015/adbe10qq311.htm"
    },
    {
        "date": "2011-06-03",
        "symbol": "ADBE",
        "reportedCurrency": "USD",
        "fillingDate": "2011-06-29",
        "acceptedDate": "2011-06-29 16:42:55",
        "period": "Q2",
        "revenue": 1023200000,
        "costOfRevenue": 109200000,
        "grossProfit": 914000000,
        "grossProfitRatio": 0.8932759968725567,
        "researchAndDevelopmentExpenses": 183200000,
        "generalAndAdministrativeExpenses": -232568000,
        "sellingAndMarketingExpenses": 676768000,
        "otherExpenses": 20082000,
        "operatingExpenses": 637300000,
        "costAndExpenses": 746500000,
        "interestExpense": 33747000,
        "depreciationAndAmortization": 66600000.00000001,
        "ebitda": 343300000,
        "ebitdaratio": 0.33551602814698983,
        "operatingIncome": 276700000,
        "operatingIncomeRatio": 0.270426114151681,
        "totalOtherIncomeExpensesNet": 300000.0,
        "incomeBeforeTax": 259200000,
        "incomeBeforeTaxRatio": 0.253322908522283,
        "incomeTaxExpense": 29800000,
        "netIncome": 229400000,
        "netIncomeRatio": 0.2241985926505082,
        "eps": 0.44414,
        "epsdiluted": 0.44414,
        "weightedAverageShsOut": 516500000,
        "weightedAverageShsOutDil": 516500000,
        "link": "https://www.sec.gov/Archives/edgar/data/796343/000079634311000010/0000796343-11-000010-index.htm",
        "finalLink": "https://www.sec.gov/Archives/edgar/data/796343/000079634311000010/adbe10qq211.htm"
    },
    {
        "date": "2011-03-04",
        "symbol": "ADBE",
        "reportedCurrency": "USD",
        "fillingDate": "2011-04-08",
        "acceptedDate": "2011-04-07 19:38:56",
        "period": "Q1",
        "revenue": 1027700000,
        "costOfRevenue": 107600000,
        "grossProfit": 920100000,
        "grossProfitRatio": 0.8953001848788557,
        "researchAndDevelopmentExpenses": 178400000,
        "generalAndAdministrativeExpenses": 101022000,
        "sellingAndMarketingExpenses": 328078000,
        "otherExpenses": 10276000,
        "operatingExpenses": 617800000,
        "costAndExpenses": 725400000,
        "interestExpense": -18800000,
        "depreciationAndAmortization": 66300000,
        "ebitda": 368600000,
        "ebitdaratio": 0.3586649800525445,
        "operatingIncome": 302300000,
        "operatingIncomeRatio": 0.29415198988031527,
        "totalOtherIncomeExpensesNet": 300000.0,
        "incomeBeforeTax": 286100000,
        "incomeBeforeTaxRatio": 0.27838863481560766,
        "incomeTaxExpense": 51500000,
        "netIncome": 234600000,
        "netIncomeRatio": 0.22827673445558042,
        "eps": 0.45883,
        "epsdiluted": 0.45883,
        "weightedAverageShsOut": 511300000,
        "weightedAverageShsOutDil": 511300000,
        "link": "https://www.sec.gov/Archives/edgar/data/796343/000079634311000006/0000796343-11-000006-index.htm",
        "finalLink": "https://www.sec.gov/Archives/edgar/data/796343/000079634311000003/form_10k.htm"
    },
    {
        "date": "2010-12-03",
        "symbol": "ADBE",
        "reportedCurrency": "USD",
        "fillingDate": "2011-01-27",
        "acceptedDate": "2011-01-27 13:14:29",
        "period": "Q4",
        "revenue": 1007900000,
        "costOfRevenue": 107200000,
        "grossProfit": 900700000,
        "grossProfitRatio": 0.8936402420875087,
        "researchAndDevelopmentExpenses": 170400000,
        "generalAndAdministrativeExpenses": 100292000,
        "sellingAndMarketingExpenses": 322708000,
        "otherExpenses": 20377000,
        "operatingExpenses": 613800000,
        "costAndExpenses": 721000000,
        "interestExpense": -7400000.0,
        "depreciationAndAmortization": 76100000,
        "ebitda": 363000000,
        "ebitdaratio": 0.3601547772596488,
        "operatingIncome": 286900000,
        "operatingIncomeRatio": 0.28465125508482986,
        "totalOtherIncomeExpensesNet": 200000.0,
        "incomeBeforeTax": 286000000,
        "incomeBeforeTaxRatio": 0.2837583093560869,
        "incomeTaxExpense": 17200000,
        "netIncome": 268900000,
        "netIncomeRatio": 0.26679234050997125,
        "eps": 0.52295,
        "epsdiluted": 0.52295,
        "weightedAverageShsOut": 514200000,
        "weightedAverageShsOutDil": 514200000,
        "link": "https://www.sec.gov/Archives/edgar/data/796343/000079634311000003/0000796343-11-000003-index.htm",
        "finalLink": "https://www.sec.gov/Archives/edgar/data/796343/000079634311000003/form_10k.htm"
    },
    {
        "date": "2010-09-03",
        "symbol": "ADBE",
        "reportedCurrency": "USD",
        "fillingDate": "2010-10-08",
        "acceptedDate": "2010-10-08 12:19:37",
        "period": "Q3",
        "revenue": 990300000,
        "costOfRevenue": 99100000,
        "grossProfit": 891200000,
        "grossProfitRatio": 0.8999293143491871,
        "researchAndDevelopmentExpenses": 168300000,
        "generalAndAdministrativeExpenses": 102181000,
        "sellingAndMarketingExpenses": 303219000,
        "otherExpenses": 80721000,
        "operatingExpenses": 589199999.9999999,
        "costAndExpenses": 688299999.9999999,
        "interestExpense": -9600000.0,
        "depreciationAndAmortization": 73100000,
        "ebitda": 375100000,
        "ebitdaratio": 0.37877410885590224,
        "operatingIncome": 302000000,
        "operatingIncomeRatio": 0.3049580935070181,
        "totalOtherIncomeExpensesNet": 300000.0,
        "incomeBeforeTax": 296800000,
        "incomeBeforeTaxRatio": 0.29970715944663234,
        "incomeTaxExpense": 66700000,
        "netIncome": 230100000,
        "netIncomeRatio": 0.23235383217206906,
        "eps": 0.43979,
        "epsdiluted": 0.43979,
        "weightedAverageShsOut": 523200000,
        "weightedAverageShsOutDil": 523200000,
        "link": "https://www.sec.gov/Archives/edgar/data/796343/000079634310000014/0000796343-10-000014-index.htm",
        "finalLink": "https://www.sec.gov/Archives/edgar/data/796343/000079634310000014/form_10q.htm"
    },
    {
        "date": "2010-06-04",
        "symbol": "ADBE",
        "reportedCurrency": "USD",
        "fillingDate": "2010-07-02",
        "acceptedDate": "2010-07-01 20:02:36",
        "period": "Q2",
        "revenue": 943000000,
        "costOfRevenue": 107800000,
        "grossProfit": 835200000,
        "grossProfitRatio": 0.8856839872746554,
        "researchAndDevelopmentExpenses": 167300000,
        "generalAndAdministrativeExpenses": 89924000,
        "sellingAndMarketingExpenses": 320976000,
        "otherExpenses": -35521000,
        "operatingExpenses": 608000000,
        "costAndExpenses": 715800000,
        "interestExpense": -23300000,
        "depreciationAndAmortization": 74900000,
        "ebitda": 302200000,
        "ebitdaratio": 0.3204665959703075,
        "operatingIncome": 227300000,
        "operatingIncomeRatio": 0.24103923647932132,
        "totalOtherIncomeExpensesNet": 500000.0,
        "incomeBeforeTax": 194200000,
        "incomeBeforeTaxRatio": 0.20593849416755036,
        "incomeTaxExpense": 45600000,
        "netIncome": 148600000,
        "netIncomeRatio": 0.15758218451749734,
        "eps": 0.27864,
        "epsdiluted": 0.27864,
        "weightedAverageShsOut": 533300000,
        "weightedAverageShsOutDil": 533300000,
        "link": "https://www.sec.gov/Archives/edgar/data/796343/000079634310000011/0000796343-10-000011-index.htm",
        "finalLink": "https://www.sec.gov/Archives/edgar/data/796343/000079634310000011/form_10q.htm"
    },
    {
        "date": "2010-03-05",
        "symbol": "ADBE",
        "reportedCurrency": "USD",
        "fillingDate": "2010-04-09",
        "acceptedDate": "2010-04-08 17:49:58",
        "period": "Q1",
        "revenue": 858700000,
        "costOfRevenue": 89400000,
        "grossProfit": 769300000,
        "grossProfitRatio": 0.8958891347385582,
        "researchAndDevelopmentExpenses": 174300000,
        "generalAndAdministrativeExpenses": 91006000,
        "sellingAndMarketingExpenses": 297294000,
        "otherExpenses": 29819000,
        "operatingExpenses": 592500000,
        "costAndExpenses": 681900000,
        "interestExpense": -7700000.0,
        "depreciationAndAmortization": 68600000,
        "ebitda": 245400000,
        "ebitdaratio": 0.2857808314894608,
        "operatingIncome": 176800000,
        "operatingIncomeRatio": 0.20589262839175498,
        "totalOtherIncomeExpensesNet": 200000.0,
        "incomeBeforeTax": 166200000,
        "incomeBeforeTaxRatio": 0.1935483870967742,
        "incomeTaxExpense": 39100000,
        "netIncome": 127200000,
        "netIncomeRatio": 0.1481308955397694,
        "eps": 0.23883,
        "epsdiluted": 0.23883,
        "weightedAverageShsOut": 532600000,
        "weightedAverageShsOutDil": 532600000,
        "link": "https://www.sec.gov/Archives/edgar/data/796343/000079634310000007/0000796343-10-000007-index.htm",
        "finalLink": "https://www.sec.gov/Archives/edgar/data/796343/000079634310000003/form_10k.htm"
    },
    {
        "date": "2009-11-27",
        "symbol": "ADBE",
        "reportedCurrency": "USD",
        "fillingDate": "2010-01-22",
        "acceptedDate": "2010-01-22 12:14:18",
        "period": "Q4",
        "revenue": 757300000,
        "costOfRevenue": 82300000,
        "grossProfit": 675000000,
        "grossProfitRatio": 0.8913244420969233,
        "researchAndDevelopmentExpenses": 137900000,
        "generalAndAdministrativeExpenses": 74317000,
        "sellingAndMarketingExpenses": 257883000,
        "otherExpenses": 51295000,
        "operatingExpenses": 521300000.0000001,
        "costAndExpenses": 603600000.0000001,
        "interestExpense": 1535000.0,
        "depreciationAndAmortization": 84999999.99999997,
        "ebitda": 238599999.99999997,
        "ebitdaratio": 0.3150666842730754,
        "operatingIncome": 153600000,
        "operatingIncomeRatio": 0.202825828601611,
        "totalOtherIncomeExpensesNet": 400000.0,
        "incomeBeforeTax": 160200000,
        "incomeBeforeTaxRatio": 0.21154100092433645,
        "incomeTaxExpense": 192300000,
        "netIncome": -32000000,
        "netIncomeRatio": -0.04225538095866896,
        "eps": -0.06113,
        "epsdiluted": -0.06113,
        "weightedAverageShsOut": 523500000,
        "weightedAverageShsOutDil": 523500000,
        "link": "https://www.sec.gov/Archives/edgar/data/796343/000079634310000003/0000796343-10-000003-index.htm",
        "finalLink": "https://www.sec.gov/Archives/edgar/data/796343/000079634310000003/form_10k.htm"
    },
    {
        "date": "2009-08-28",
        "symbol": "ADBE",
        "reportedCurrency": "USD",
        "fillingDate": "2009-10-01",
        "acceptedDate": "2009-10-01 06:11:08",
        "period": "Q3",
        "revenue": 697500000,
        "costOfRevenue": 65000000,
        "grossProfit": 632500000,
        "grossProfitRatio": 0.9068100358422939,
        "researchAndDevelopmentExpenses": 138900000,
        "generalAndAdministrativeExpenses": 79580000,
        "sellingAndMarketingExpenses": 231320000,
        "otherExpenses": 15043000,
        "operatingExpenses": 464900000,
        "costAndExpenses": 529900000,
        "interestExpense": 460000.0,
        "depreciationAndAmortization": 63900000.00000001,
        "ebitda": 231500000,
        "ebitdaratio": 0.3318996415770609,
        "operatingIncome": 167600000,
        "operatingIncomeRatio": 0.24028673835125447,
        "totalOtherIncomeExpensesNet": 100000.0,
        "incomeBeforeTax": 174400000,
        "incomeBeforeTaxRatio": 0.2500358422939068,
        "incomeTaxExpense": 38400000,
        "netIncome": 136000000,
        "netIncomeRatio": 0.1949820788530466,
        "eps": 0.25574,
        "epsdiluted": 0.25574,
        "weightedAverageShsOut": 531800000,
        "weightedAverageShsOutDil": 531800000,
        "link": "https://www.sec.gov/Archives/edgar/data/796343/000079634309000032/0000796343-09-000032-index.htm",
        "finalLink": "https://www.sec.gov/Archives/edgar/data/796343/000079634309000032/form_10q.htm"
    },
    {
        "date": "2009-05-29",
        "symbol": "ADBE",
        "reportedCurrency": "USD",
        "fillingDate": "2009-06-26",
        "acceptedDate": "2009-06-25 21:16:46",
        "period": "Q2",
        "revenue": 704700000,
        "costOfRevenue": 72000000,
        "grossProfit": 632700000,
        "grossProfitRatio": 0.8978288633461047,
        "researchAndDevelopmentExpenses": 138500000,
        "generalAndAdministrativeExpenses": 70791000,
        "sellingAndMarketingExpenses": 243209000,
        "otherExpenses": 18815000,
        "operatingExpenses": 471299999.99999994,
        "costAndExpenses": 543300000,
        "interestExpense": 620000.0,
        "depreciationAndAmortization": 64800000,
        "ebitda": 226200000,
        "ebitdaratio": 0.32098765432098764,
        "operatingIncome": 161400000,
        "operatingIncomeRatio": 0.22903363133248192,
        "totalOtherIncomeExpensesNet": 300000.0,
        "incomeBeforeTax": 163700000,
        "incomeBeforeTaxRatio": 0.232297431531148,
        "incomeTaxExpense": 37700000,
        "netIncome": 126100000,
        "netIncomeRatio": 0.17894139350078048,
        "eps": 0.23883,
        "epsdiluted": 0.23883,
        "weightedAverageShsOut": 528000000,
        "weightedAverageShsOutDil": 528000000,
        "link": "https://www.sec.gov/Archives/edgar/data/796343/000079634309000026/0000796343-09-000026-index.htm",
        "finalLink": "https://www.sec.gov/Archives/edgar/data/796343/000079634309000026/form_10q.htm"
    },
    {
        "date": "2009-02-27",
        "symbol": "ADBE",
        "reportedCurrency": "USD",
        "fillingDate": "2009-04-03",
        "acceptedDate": "2009-04-02 18:24:47",
        "period": "Q1",
        "revenue": 786400000,
        "costOfRevenue": 77400000,
        "grossProfit": 709000000,
        "grossProfitRatio": 0.9015768056968464,
        "researchAndDevelopmentExpenses": 149900000,
        "generalAndAdministrativeExpenses": 74009000,
        "sellingAndMarketingExpenses": 249491000,
        "otherExpenses": 27662000,
        "operatingExpenses": 501100000,
        "costAndExpenses": 578500000,
        "interestExpense": 792000.0,
        "depreciationAndAmortization": 68700000,
        "ebitda": 276600000,
        "ebitdaratio": 0.3517293997965412,
        "operatingIncome": 207900000,
        "operatingIncomeRatio": 0.26436927772126145,
        "totalOtherIncomeExpensesNet": 200000.0,
        "incomeBeforeTax": 203200000,
        "incomeBeforeTaxRatio": 0.25839267548321465,
        "incomeTaxExpense": 46700000,
        "netIncome": 156400000,
        "netIncomeRatio": 0.19888097660223805,
        "eps": 0.29632,
        "epsdiluted": 0.29632,
        "weightedAverageShsOut": 527800000,
        "weightedAverageShsOutDil": 527800000,
        "link": "https://www.sec.gov/Archives/edgar/data/796343/000079634309000021/0000796343-09-000021-index.htm",
        "finalLink": "https://www.sec.gov/Archives/edgar/data/796343/000079634309000007/form_10k.htm"
    },
    {
        "date": "2008-11-28",
        "symbol": "ADBE",
        "reportedCurrency": "USD",
        "fillingDate": "2009-01-23",
        "acceptedDate": "2009-01-23 15:10:49",
        "period": "Q4",
        "revenue": 915300000,
        "costOfRevenue": 86400000,
        "grossProfit": 828900000,
        "grossProfitRatio": 0.9056047197640118,
        "researchAndDevelopmentExpenses": 153100000,
        "generalAndAdministrativeExpenses": -275585900000,
        "sellingAndMarketingExpenses": 275942000000,
        "otherExpenses": 46452000000,
        "operatingExpenses": 555700000,
        "costAndExpenses": 642100000,
        "interestExpense": 1992000000,
        "depreciationAndAmortization": 67500000,
        "ebitda": 340700000,
        "ebitdaratio": 0.3722276849120507,
        "operatingIncome": 273200000,
        "operatingIncomeRatio": 0.2984813722276849,
        "totalOtherIncomeExpensesNet": 400000.0,
        "incomeBeforeTax": 276300000,
        "incomeBeforeTaxRatio": 0.30186823992133727,
        "incomeTaxExpense": 30400000,
        "netIncome": 245900000,
        "netIncomeRatio": 0.2686550857642303,
        "eps": 0.45596,
        "epsdiluted": 0.45596,
        "weightedAverageShsOut": 539300000,
        "weightedAverageShsOutDil": 539300000,
        "link": "https://www.sec.gov/Archives/edgar/data/796343/000079634309000007/0000796343-09-000007-index.htm",
        "finalLink": "https://www.sec.gov/Archives/edgar/data/796343/000079634309000007/form_10k.htm"
    },
    {
        "date": "2008-08-29",
        "symbol": "ADBE",
        "reportedCurrency": "USD",
        "fillingDate": "2008-10-02",
        "acceptedDate": "2008-10-02 11:28:38",
        "period": "Q3",
        "revenue": 887300000,
        "costOfRevenue": 110900000,
        "grossProfit": 776400000,
        "grossProfitRatio": 0.8750140876817311,
        "researchAndDevelopmentExpenses": 170100000,
        "generalAndAdministrativeExpenses": 97161000,
        "sellingAndMarketingExpenses": 271439000,
        "otherExpenses": 18218000,
        "operatingExpenses": 556900000,
        "costAndExpenses": 667800000,
        "interestExpense": 2390000.0,
        "depreciationAndAmortization": 64900000,
        "ebitda": 284400000,
        "ebitdaratio": 0.32052293474585825,
        "operatingIncome": 219500000,
        "operatingIncomeRatio": 0.24737969119801645,
        "totalOtherIncomeExpensesNet": 900000.0,
        "incomeBeforeTax": 228500000,
        "incomeBeforeTaxRatio": 0.25752282204440435,
        "incomeTaxExpense": 36900000,
        "netIncome": 191600000,
        "netIncomeRatio": 0.2159359855742139,
        "eps": 0.35396,
        "epsdiluted": 0.35396,
        "weightedAverageShsOut": 541300000,
        "weightedAverageShsOutDil": 541300000,
        "link": "https://www.sec.gov/Archives/edgar/data/796343/000079634308000007/0000796343-08-000007-index.htm",
        "finalLink": "https://www.sec.gov/Archives/edgar/data/796343/000079634308000007/form_10q.htm"
    },
    {
        "date": "2008-05-30",
        "symbol": "ADBE",
        "reportedCurrency": "USD",
        "fillingDate": "2008-07-03 00:00:00",
        "acceptedDate": "2008-07-03 10:37:22",
        "period": "Q2",
        "revenue": 886900000,
        "costOfRevenue": 82900000,
        "grossProfit": 804000000,
        "grossProfitRatio": 0.9065283571992333,
        "researchAndDevelopmentExpenses": 170300000,
        "generalAndAdministrativeExpenses": 356400000,
        "sellingAndMarketingExpenses": 0.0,
        "otherExpenses": 0.0,
        "operatingExpenses": 543800000.0000001,
        "costAndExpenses": 626700000.0000001,
        "interestExpense": 8100000.0,
        "depreciationAndAmortization": 68700000,
        "ebitda": 328900000,
        "ebitdaratio": 0.370842259555756,
        "operatingIncome": 260200000,
        "operatingIncomeRatio": 0.29338144097417973,
        "totalOtherIncomeExpensesNet": 400000.0,
        "incomeBeforeTax": 278000000,
        "incomeBeforeTaxRatio": 0.31345134738978464,
        "incomeTaxExpense": 63100000,
        "netIncome": 214900000,
        "netIncomeRatio": 0.24230465666929754,
        "eps": 0.3962,
        "epsdiluted": 0.3962,
        "weightedAverageShsOut": 542400000,
        "weightedAverageShsOutDil": 542400000,
        "link": "https://www.sec.gov/Archives/edgar/data/796343/000079634308000005/0000796343-08-000005-index.html",
        "finalLink": "https://www.sec.gov/Archives/edgar/data/796343/000079634308000005/form10-q.htm"
    },
    {
        "date": "2008-02-29",
        "symbol": "ADBE",
        "reportedCurrency": "USD",
        "fillingDate": "2008-04-04",
        "acceptedDate": "2008-04-04 09:01:14",
        "period": "Q1",
        "revenue": 890445000,
        "costOfRevenue": 82475000,
        "grossProfit": 807970000,
        "grossProfitRatio": 0.9073777717882632,
        "researchAndDevelopmentExpenses": 168485000,
        "generalAndAdministrativeExpenses": 0.0,
        "sellingAndMarketingExpenses": 0.0,
        "otherExpenses": 0.0,
        "operatingExpenses": 531108000,
        "costAndExpenses": 613583000,
        "interestExpense": 0.0,
        "depreciationAndAmortization": 69202000,
        "ebitda": 346064000,
        "ebitdaratio": 0.38864163423906023,
        "operatingIncome": 276862000,
        "operatingIncomeRatio": 0.31092543615832535,
        "totalOtherIncomeExpensesNet": 3080000.0,
        "incomeBeforeTax": 295644000,
        "incomeBeforeTaxRatio": 0.33201826053265504,
        "incomeTaxExpense": 76265000,
        "netIncome": 219379000,
        "netIncomeRatio": 0.24637007339027114,
        "eps": 0.39,
        "epsdiluted": 0.38,
        "weightedAverageShsOut": 561113000,
        "weightedAverageShsOutDil": 571259000,
        "link": "https://www.sec.gov/Archives/edgar/data/796343/000104746908004108/0001047469-08-004108-index.htm",
        "finalLink": "https://www.sec.gov/Archives/edgar/data/796343/000104746908000497/a2181848z10-k.htm"
    },
    {
        "date": "2007-11-30",
        "symbol": "ADBE",
        "reportedCurrency": "USD",
        "fillingDate": "2008-01-24",
        "acceptedDate": "2008-01-24 11:15:53",
        "period": "Q4",
        "revenue": 911211000,
        "costOfRevenue": 98596000,
        "grossProfit": 812615000,
        "grossProfitRatio": 0.891796740820732,
        "researchAndDevelopmentExpenses": 162847000,
        "generalAndAdministrativeExpenses": 0.0,
        "sellingAndMarketingExpenses": 0.0,
        "otherExpenses": 0.0,
        "operatingExpenses": 536783000,
        "costAndExpenses": 635379000,
        "interestExpense": 0.0,
        "depreciationAndAmortization": 78190000,
        "ebitda": 354022000,
        "ebitdaratio": 0.38851813685304504,
        "operatingIncome": 275832000,
        "operatingIncomeRatio": 0.30270925175398455,
        "totalOtherIncomeExpensesNet": -12005000,
        "incomeBeforeTax": 290677000,
        "incomeBeforeTaxRatio": 0.3190007583314951,
        "incomeTaxExpense": 68469000,
        "netIncome": 222208000,
        "netIncomeRatio": 0.24386009387507393,
        "eps": 0.39601292431292806,
        "epsdiluted": 0.39601292431292806,
        "weightedAverageShsOut": 561113000,
        "weightedAverageShsOutDil": 561113000,
        "link": "https://www.sec.gov/Archives/edgar/data/796343/000104746908000497/0001047469-08-000497-index.htm",
        "finalLink": "https://www.sec.gov/Archives/edgar/data/796343/000104746908000497/a2181848z10-k.htm"
    },
    {
        "date": "2007-08-31",
        "symbol": "ADBE",
        "reportedCurrency": "USD",
        "fillingDate": "2007-10-02",
        "acceptedDate": "2007-10-02 08:19:47",
        "period": "Q3",
        "revenue": 851686000,
        "costOfRevenue": 92621000,
        "grossProfit": 759065000,
        "grossProfitRatio": 0.8912498268141076,
        "researchAndDevelopmentExpenses": 163217000,
        "generalAndAdministrativeExpenses": 0.0,
        "sellingAndMarketingExpenses": 0.0,
        "otherExpenses": 0.0,
        "operatingExpenses": 503485000,
        "costAndExpenses": 596106000,
        "interestExpense": 0.0,
        "depreciationAndAmortization": 81764000,
        "ebitda": 337344000,
        "ebitdaratio": 0.3960896386696506,
        "operatingIncome": 255580000,
        "operatingIncomeRatio": 0.30008712130996634,
        "totalOtherIncomeExpensesNet": -1249000.0,
        "incomeBeforeTax": 276995000,
        "incomeBeforeTaxRatio": 0.3252313646109012,
        "incomeTaxExpense": 71752000,
        "netIncome": 205243000,
        "netIncomeRatio": 0.24098435338845536,
        "eps": 0.35,
        "epsdiluted": 0.34,
        "weightedAverageShsOut": 583670000,
        "weightedAverageShsOutDil": 597334000,
        "link": "https://www.sec.gov/Archives/edgar/data/796343/000110465907072546/0001104659-07-072546-index.htm",
        "finalLink": "https://www.sec.gov/Archives/edgar/data/796343/000110465907072546/a07-24893_110q.htm"
    },
    {
        "date": "2007-06-01",
        "symbol": "ADBE",
        "reportedCurrency": "USD",
        "fillingDate": "2007-07-10",
        "acceptedDate": "2007-07-09 18:10:15",
        "period": "Q2",
        "revenue": 745600000,
        "costOfRevenue": 91200000,
        "grossProfit": 654400000,
        "grossProfitRatio": 0.8776824034334764,
        "researchAndDevelopmentExpenses": 150000000,
        "generalAndAdministrativeExpenses": 68598000,
        "sellingAndMarketingExpenses": 236402000,
        "otherExpenses": 18924000,
        "operatingExpenses": 474000000.00000006,
        "costAndExpenses": 565200000.0000001,
        "interestExpense": 22200000,
        "depreciationAndAmortization": 87000000,
        "ebitda": 267400000,
        "ebitdaratio": 0.358637339055794,
        "operatingIncome": 180400000,
        "operatingIncomeRatio": 0.24195278969957082,
        "totalOtherIncomeExpensesNet": 500000.0,
        "incomeBeforeTax": 205100000,
        "incomeBeforeTaxRatio": 0.2750804721030043,
        "incomeTaxExpense": 52600000,
        "netIncome": 152500000,
        "netIncomeRatio": 0.2045332618025751,
        "eps": 0.25273,
        "epsdiluted": 0.25273,
        "weightedAverageShsOut": 603400000,
        "weightedAverageShsOutDil": 603400000,
        "link": "https://www.sec.gov/Archives/edgar/data/796343/000110465907053043/0001104659-07-053043-index.htm",
        "finalLink": "https://www.sec.gov/Archives/edgar/data/796343/000110465907053043/a07-18125_110q.htm"
    },
    {
        "date": "2007-03-02",
        "symbol": "ADBE",
        "reportedCurrency": "USD",
        "fillingDate": "2007-04-09",
        "acceptedDate": "2007-04-09 14:49:40",
        "period": "Q1",
        "revenue": 649400000,
        "costOfRevenue": 72300000,
        "grossProfit": 577100000,
        "grossProfitRatio": 0.8886664613489375,
        "researchAndDevelopmentExpenses": 137100000,
        "generalAndAdministrativeExpenses": 61322000,
        "sellingAndMarketingExpenses": 214678000,
        "otherExpenses": 17725000,
        "operatingExpenses": 430800000,
        "costAndExpenses": 503100000,
        "interestExpense": 21900000,
        "depreciationAndAmortization": 68500000,
        "ebitda": 214800000,
        "ebitdaratio": 0.3307668617185094,
        "operatingIncome": 146300000,
        "operatingIncomeRatio": 0.22528487834924546,
        "totalOtherIncomeExpensesNet": 800000.0,
        "incomeBeforeTax": 174400000,
        "incomeBeforeTaxRatio": 0.2685555897751771,
        "incomeTaxExpense": 30600000,
        "netIncome": 143900000,
        "netIncomeRatio": 0.221589159223899,
        "eps": 0.23817,
        "epsdiluted": 0.23817,
        "weightedAverageShsOut": 604200000,
        "weightedAverageShsOutDil": 604200000,
        "link": "https://www.sec.gov/Archives/edgar/data/796343/000110465907027003/0001104659-07-027003-index.htm",
        "finalLink": "https://www.sec.gov/Archives/edgar/data/796343/000110465907007286/a07-3000_110k.htm"
    },
    {
        "date": "2006-12-01",
        "symbol": "ADBE",
        "reportedCurrency": "USD",
        "fillingDate": "2007-02-05",
        "acceptedDate": "2007-02-05 17:21:51",
        "period": "Q4",
        "revenue": 682200000,
        "costOfRevenue": 79600000,
        "grossProfit": 602600000,
        "grossProfitRatio": 0.883318674875403,
        "researchAndDevelopmentExpenses": 138400000,
        "generalAndAdministrativeExpenses": 57773000,
        "sellingAndMarketingExpenses": 225727000,
        "otherExpenses": 17244000,
        "operatingExpenses": 439199999.99999994,
        "costAndExpenses": 518799999.99999994,
        "interestExpense": 19600000,
        "depreciationAndAmortization": 75300000.00000001,
        "ebitda": 238700000,
        "ebitdaratio": 0.3498973907944884,
        "operatingIncome": 163400000,
        "operatingIncomeRatio": 0.2395192025798886,
        "totalOtherIncomeExpensesNet": 19622.0,
        "incomeBeforeTax": 248000000,
        "incomeBeforeTaxRatio": 0.36352975666959836,
        "incomeTaxExpense": 64700000,
        "netIncome": 183200000,
        "netIncomeRatio": 0.26854294928173555,
        "eps": 0.29915,
        "epsdiluted": 0.29915,
        "weightedAverageShsOut": 612400000,
        "weightedAverageShsOutDil": 612400000,
        "link": "https://www.sec.gov/Archives/edgar/data/796343/000110465907007286/0001104659-07-007286-index.htm",
        "finalLink": "https://www.sec.gov/Archives/edgar/data/796343/000110465907007286/a07-3000_110k.htm"
    },
    {
        "date": "2006-09-01",
        "symbol": "ADBE",
        "reportedCurrency": "USD",
        "fillingDate": "2006-10-11",
        "acceptedDate": "2006-10-11 17:24:38",
        "period": "Q3",
        "revenue": 602200000,
        "costOfRevenue": 69500000,
        "grossProfit": 532700000,
        "grossProfitRatio": 0.8845898372633677,
        "researchAndDevelopmentExpenses": 130400000,
        "generalAndAdministrativeExpenses": 57297000,
        "sellingAndMarketingExpenses": 217203000,
        "otherExpenses": -102288000,
        "operatingExpenses": 422700000,
        "costAndExpenses": 492200000,
        "interestExpense": 18100000,
        "depreciationAndAmortization": 74500000,
        "ebitda": 184500000,
        "ebitdaratio": 0.30637661906343405,
        "operatingIncome": 110000000,
        "operatingIncomeRatio": 0.1826635669212886,
        "totalOtherIncomeExpensesNet": 18092000,
        "incomeBeforeTax": 123000000,
        "incomeBeforeTaxRatio": 0.20425107937562273,
        "incomeTaxExpense": 28600000,
        "netIncome": 94400000,
        "netIncomeRatio": 0.15675855197608768,
        "eps": 0.1571,
        "epsdiluted": 0.1571,
        "weightedAverageShsOut": 600900000,
        "weightedAverageShsOutDil": 600900000,
        "link": "https://www.sec.gov/Archives/edgar/data/796343/000110465906066129/0001104659-06-066129-index.htm",
        "finalLink": "https://www.sec.gov/Archives/edgar/data/796343/000110465906066129/a06-20717_110q.htm"
    },
    {
        "date": "2006-06-02",
        "symbol": "ADBE",
        "reportedCurrency": "USD",
        "fillingDate": "2006-07-11",
        "acceptedDate": "2006-07-11 16:33:14",
        "period": "Q2",
        "revenue": 635500000,
        "costOfRevenue": 65600000,
        "grossProfit": 569900000,
        "grossProfitRatio": 0.896774193548387,
        "researchAndDevelopmentExpenses": 133300000,
        "generalAndAdministrativeExpenses": 59701000,
        "sellingAndMarketingExpenses": 210399000,
        "otherExpenses": 138554000,
        "operatingExpenses": 421900000,
        "costAndExpenses": 487500000,
        "interestExpense": 13900000,
        "depreciationAndAmortization": 79600000,
        "ebitda": 227500000,
        "ebitdaratio": 0.35798583792289534,
        "operatingIncome": 147900000,
        "operatingIncomeRatio": 0.23273013375295043,
        "totalOtherIncomeExpensesNet": 13929000,
        "incomeBeforeTax": 164500000,
        "incomeBeforeTaxRatio": 0.25885129819040126,
        "incomeTaxExpense": 41400000,
        "netIncome": 123100000,
        "netIncomeRatio": 0.19370574350904798,
        "eps": 0.20055,
        "epsdiluted": 0.20055,
        "weightedAverageShsOut": 613800000,
        "weightedAverageShsOutDil": 613800000,
        "link": "https://www.sec.gov/Archives/edgar/data/796343/000110465906046450/0001104659-06-046450-index.htm",
        "finalLink": "https://www.sec.gov/Archives/edgar/data/796343/000110465906046450/a06-15114_110q.htm"
    },
    {
        "date": "2006-03-03",
        "symbol": "ADBE",
        "reportedCurrency": "USD",
        "fillingDate": "2006-04-12",
        "acceptedDate": "2006-04-12 09:38:28",
        "period": "Q1",
        "revenue": 655500000,
        "costOfRevenue": 77700000,
        "grossProfit": 577800000,
        "grossProfitRatio": 0.8814645308924485,
        "researchAndDevelopmentExpenses": 137500000,
        "generalAndAdministrativeExpenses": 60284000,
        "sellingAndMarketingExpenses": 213816000,
        "otherExpenses": 36096000,
        "operatingExpenses": 447800000,
        "costAndExpenses": 525500000,
        "interestExpense": 15500000,
        "depreciationAndAmortization": 78400000,
        "ebitda": 208400000,
        "ebitdaratio": 0.3179252479023646,
        "operatingIncome": 130000000,
        "operatingIncomeRatio": 0.19832189168573608,
        "totalOtherIncomeExpensesNet": 15542000,
        "incomeBeforeTax": 144300000,
        "incomeBeforeTaxRatio": 0.22013729977116706,
        "incomeTaxExpense": 39200000,
        "netIncome": 105100000,
        "netIncomeRatio": 0.16033562166285278,
        "eps": 0.16903,
        "epsdiluted": 0.16903,
        "weightedAverageShsOut": 621800000,
        "weightedAverageShsOutDil": 621800000,
        "link": "https://www.sec.gov/Archives/edgar/data/796343/000110465906024558/0001104659-06-024558-index.htm",
        "finalLink": "https://www.sec.gov/Archives/edgar/data/796343/000104746906001601/a2167302z10-k.htm"
    },
    {
        "date": "2005-12-02",
        "symbol": "ADBE",
        "reportedCurrency": "USD",
        "fillingDate": "2006-02-08",
        "acceptedDate": "2006-02-08 16:29:05",
        "period": "Q4",
        "revenue": 510400000,
        "costOfRevenue": 30700000,
        "grossProfit": 479700000,
        "grossProfitRatio": 0.9398510971786834,
        "researchAndDevelopmentExpenses": 94600000,
        "generalAndAdministrativeExpenses": 45871000,
        "sellingAndMarketingExpenses": 147229000,
        "otherExpenses": 0.0,
        "operatingExpenses": 287700000,
        "costAndExpenses": 318400000,
        "interestExpense": 10300000,
        "depreciationAndAmortization": 34900000,
        "ebitda": 226800000,
        "ebitdaratio": 0.4443573667711599,
        "operatingIncome": 191900000,
        "operatingIncomeRatio": 0.37597962382445144,
        "totalOtherIncomeExpensesNet": 10291000,
        "incomeBeforeTax": 207200000,
        "incomeBeforeTaxRatio": 0.4059561128526646,
        "incomeTaxExpense": 51000000,
        "netIncome": 156300000,
        "netIncomeRatio": 0.306230407523511,
        "eps": 0.30731,
        "epsdiluted": 0.30731,
        "weightedAverageShsOut": 508600000,
        "weightedAverageShsOutDil": 508600000,
        "link": "https://www.sec.gov/Archives/edgar/data/796343/000104746906001601/0001047469-06-001601-index.htm",
        "finalLink": "https://www.sec.gov/Archives/edgar/data/796343/000104746906001601/a2167302z10-k.htm"
    },
    {
        "date": "2005-09-02",
        "symbol": "ADBE",
        "reportedCurrency": "USD",
        "fillingDate": "2005-10-05",
        "acceptedDate": "2005-10-05 15:58:50",
        "period": "Q3",
        "revenue": 487000000,
        "costOfRevenue": 27500000,
        "grossProfit": 459500000,
        "grossProfitRatio": 0.9435318275154004,
        "researchAndDevelopmentExpenses": 94600000,
        "generalAndAdministrativeExpenses": -109731000,
        "sellingAndMarketingExpenses": 291131000,
        "otherExpenses": -42019000,
        "operatingExpenses": 276000000,
        "costAndExpenses": 303500000,
        "interestExpense": 12400000,
        "depreciationAndAmortization": 17799999.999999996,
        "ebitda": 201400000,
        "ebitdaratio": 0.4135523613963039,
        "operatingIncome": 183600000,
        "operatingIncomeRatio": 0.37700205338809034,
        "totalOtherIncomeExpensesNet": 20047000,
        "incomeBeforeTax": 194000000,
        "incomeBeforeTaxRatio": 0.39835728952772076,
        "incomeTaxExpense": 49000000,
        "netIncome": 144900000,
        "netIncomeRatio": 0.2975359342915811,
        "eps": 0.28535,
        "epsdiluted": 0.28535,
        "weightedAverageShsOut": 507800000,
        "weightedAverageShsOutDil": 507800000,
        "link": "https://www.sec.gov/Archives/edgar/data/796343/000110465905047297/0001104659-05-047297-index.htm",
        "finalLink": "https://www.sec.gov/Archives/edgar/data/796343/000110465905047297/a05-17166_110q.htm"
    },
    {
        "date": "2005-06-03",
        "symbol": "ADBE",
        "reportedCurrency": "USD",
        "fillingDate": "2005-07-07",
        "acceptedDate": "2005-07-07 15:30:27",
        "period": "Q2",
        "revenue": 496000000,
        "costOfRevenue": 27400000,
        "grossProfit": 468600000,
        "grossProfitRatio": 0.944758064516129,
        "researchAndDevelopmentExpenses": 89400000,
        "generalAndAdministrativeExpenses": 189420000,
        "sellingAndMarketingExpenses": 7580000.0,
        "otherExpenses": 42019000,
        "operatingExpenses": 286400000.00000006,
        "costAndExpenses": 313800000.00000006,
        "interestExpense": 8300000.0,
        "depreciationAndAmortization": 15100000.000000002,
        "ebitda": 197300000,
        "ebitdaratio": 0.3977822580645161,
        "operatingIncome": 182200000,
        "operatingIncomeRatio": 0.36733870967741933,
        "totalOtherIncomeExpensesNet": 678.0,
        "incomeBeforeTax": 187800000,
        "incomeBeforeTaxRatio": 0.3786290322580645,
        "incomeTaxExpense": 38000000,
        "netIncome": 149800000,
        "netIncomeRatio": 0.30201612903225805,
        "eps": 0.29477,
        "epsdiluted": 0.29477,
        "weightedAverageShsOut": 508200000,
        "weightedAverageShsOutDil": 508200000,
        "link": "https://www.sec.gov/Archives/edgar/data/796343/000104746905019021/0001047469-05-019021-index.htm",
        "finalLink": "https://www.sec.gov/Archives/edgar/data/796343/000104746905019021/a2160568z10-q.htm"
    },
    {
        "date": "2005-03-04",
        "symbol": "ADBE",
        "reportedCurrency": "USD",
        "fillingDate": "2005-04-12",
        "acceptedDate": "2005-04-12 15:12:41",
        "period": "Q1",
        "revenue": 472900000,
        "costOfRevenue": 27000000,
        "grossProfit": 445900000,
        "grossProfitRatio": 0.9429054768449989,
        "researchAndDevelopmentExpenses": 86700000,
        "generalAndAdministrativeExpenses": 41117000,
        "sellingAndMarketingExpenses": 147383000,
        "otherExpenses": 0.0,
        "operatingExpenses": 275200000,
        "costAndExpenses": 302200000,
        "interestExpense": 7600000.0,
        "depreciationAndAmortization": 15000000,
        "ebitda": 185700000,
        "ebitdaratio": 0.392683442588285,
        "operatingIncome": 170700000,
        "operatingIncomeRatio": 0.3609642630577289,
        "totalOtherIncomeExpensesNet": 7627.0,
        "incomeBeforeTax": 176800000,
        "incomeBeforeTaxRatio": 0.37386339606682173,
        "incomeTaxExpense": 24900000,
        "netIncome": 151900000,
        "netIncomeRatio": 0.3212095580460985,
        "eps": 0.30008,
        "epsdiluted": 0.30008,
        "weightedAverageShsOut": 506200000,
        "weightedAverageShsOutDil": 506200000,
        "link": "https://www.sec.gov/Archives/edgar/data/796343/000104746905009915/0001047469-05-009915-index.htm",
        "finalLink": "https://www.sec.gov/Archives/edgar/data/796343/000104746905002143/a2150461z10-k.htm"
    },
    {
        "date": "2004-12-03",
        "symbol": "ADBE",
        "reportedCurrency": "USD",
        "fillingDate": "2005-02-02",
        "acceptedDate": "2005-02-02 13:35:09",
        "period": "Q4",
        "revenue": 429500000,
        "costOfRevenue": 29400000,
        "grossProfit": 400100000,
        "grossProfitRatio": 0.9315483119906869,
        "researchAndDevelopmentExpenses": 80100000,
        "generalAndAdministrativeExpenses": -224504000,
        "sellingAndMarketingExpenses": 398204000,
        "otherExpenses": 0.0,
        "operatingExpenses": 253700000.00000003,
        "costAndExpenses": 283100000,
        "interestExpense": 2800000.0,
        "depreciationAndAmortization": 38900000.00000001,
        "ebitda": 185300000,
        "ebitdaratio": 0.4314318975552969,
        "operatingIncome": 146400000,
        "operatingIncomeRatio": 0.3408614668218859,
        "totalOtherIncomeExpensesNet": 12002000,
        "incomeBeforeTax": 153400000,
        "incomeBeforeTaxRatio": 0.35715948777648426,
        "incomeTaxExpense": 39900000,
        "netIncome": 113500000,
        "netIncomeRatio": 0.26426076833527357,
        "eps": 0.22673,
        "epsdiluted": 0.22673,
        "weightedAverageShsOut": 500600000,
        "weightedAverageShsOutDil": 500600000,
        "link": "https://www.sec.gov/Archives/edgar/data/796343/000104746905002143/0001047469-05-002143-index.htm",
        "finalLink": "https://www.sec.gov/Archives/edgar/data/796343/000104746905002143/a2150461z10-k.htm"
    },
    {
        "date": "2004-09-03",
        "symbol": "ADBE",
        "reportedCurrency": "USD",
        "fillingDate": "2004-10-07",
        "acceptedDate": "2004-10-07 13:42:22",
        "period": "Q3",
        "revenue": 403700000,
        "costOfRevenue": 23600000,
        "grossProfit": 380100000,
        "grossProfitRatio": 0.9415407480802577,
        "researchAndDevelopmentExpenses": 80100000,
        "generalAndAdministrativeExpenses": 36861000,
        "sellingAndMarketingExpenses": 122939000,
        "otherExpenses": 0.0,
        "operatingExpenses": 239799999.99999997,
        "costAndExpenses": 263399999.99999997,
        "interestExpense": 2300000.0,
        "depreciationAndAmortization": 14800000,
        "ebitda": 155100000,
        "ebitdaratio": 0.38419618528610355,
        "operatingIncome": 140300000,
        "operatingIncomeRatio": 0.34753529848897696,
        "totalOtherIncomeExpensesNet": 2343.0,
        "incomeBeforeTax": 141200000,
        "incomeBeforeTaxRatio": 0.3497646767401536,
        "incomeTaxExpense": 36700000,
        "netIncome": 104500000,
        "netIncomeRatio": 0.25885558583106266,
        "eps": 0.21145,
        "epsdiluted": 0.21145,
        "weightedAverageShsOut": 494200000,
        "weightedAverageShsOutDil": 494200000,
        "link": "https://www.sec.gov/Archives/edgar/data/796343/000104746904030652/0001047469-04-030652-index.htm",
        "finalLink": "https://www.sec.gov/Archives/edgar/data/796343/000104746904030652/a2144543z10-q.htm"
    },
    {
        "date": "2004-06-04",
        "symbol": "ADBE",
        "reportedCurrency": "USD",
        "fillingDate": "2004-07-08",
        "acceptedDate": "2004-07-08 06:04:23",
        "period": "Q2",
        "revenue": 410100000,
        "costOfRevenue": 27300000,
        "grossProfit": 382800000,
        "grossProfitRatio": 0.9334308705193856,
        "researchAndDevelopmentExpenses": 76100000,
        "generalAndAdministrativeExpenses": 34339000,
        "sellingAndMarketingExpenses": 130561000,
        "otherExpenses": 0.0,
        "operatingExpenses": 240899999.99999997,
        "costAndExpenses": 268199999.99999997,
        "interestExpense": 5100000.0,
        "depreciationAndAmortization": 14799999.999999998,
        "ebitda": 156600000,
        "ebitdaratio": 0.38185808339429406,
        "operatingIncome": 141800000,
        "operatingIncomeRatio": 0.3457693245549866,
        "totalOtherIncomeExpensesNet": 5127.0,
        "incomeBeforeTax": 147800000,
        "incomeBeforeTaxRatio": 0.36039990246281395,
        "incomeTaxExpense": 38400000,
        "netIncome": 109400000,
        "netIncomeRatio": 0.2667642038527189,
        "eps": 0.2215,
        "epsdiluted": 0.2215,
        "weightedAverageShsOut": 493900000,
        "weightedAverageShsOutDil": 493900000,
        "link": "https://www.sec.gov/Archives/edgar/data/796343/000104746904022731/0001047469-04-022731-index.htm",
        "finalLink": "https://www.sec.gov/Archives/edgar/data/796343/000104746904022731/a2139839z10-q.htm"
    },
    {
        "date": "2004-03-05",
        "symbol": "ADBE",
        "reportedCurrency": "USD",
        "fillingDate": "2004-04-07",
        "acceptedDate": "2004-04-07 15:22:32",
        "period": "Q1",
        "revenue": 423300000,
        "costOfRevenue": 24200000,
        "grossProfit": 399100000,
        "grossProfitRatio": 0.9428301441058351,
        "researchAndDevelopmentExpenses": 75100000,
        "generalAndAdministrativeExpenses": 33446000,
        "sellingAndMarketingExpenses": 127354000,
        "otherExpenses": 0.0,
        "operatingExpenses": 235800000,
        "costAndExpenses": 260000000,
        "interestExpense": 4000000.0,
        "depreciationAndAmortization": 13400000,
        "ebitda": 176700000,
        "ebitdaratio": 0.41743444365698085,
        "operatingIncome": 163300000,
        "operatingIncomeRatio": 0.38577840774864164,
        "totalOtherIncomeExpensesNet": 4032.0,
        "incomeBeforeTax": 166300000,
        "incomeBeforeTaxRatio": 0.3928655799669265,
        "incomeTaxExpense": 43200000,
        "netIncome": 123000000,
        "netIncomeRatio": 0.2905740609496811,
        "eps": 0.2499,
        "epsdiluted": 0.2499,
        "weightedAverageShsOut": 492200000,
        "weightedAverageShsOutDil": 492200000,
        "link": "https://www.sec.gov/Archives/edgar/data/796343/000104746904011207/0001047469-04-011207-index.htm",
        "finalLink": "https://www.sec.gov/Archives/edgar/data/796343/000104746904003345/a2127850z10-k.htm"
    },
    {
        "date": "2003-11-28",
        "symbol": "ADBE",
        "reportedCurrency": "USD",
        "fillingDate": "2004-02-05",
        "acceptedDate": "2004-02-05 16:55:58",
        "period": "Q4",
        "revenue": 358600000,
        "costOfRevenue": 25200000,
        "grossProfit": 333400000,
        "grossProfitRatio": 0.9297267150027886,
        "researchAndDevelopmentExpenses": 73100000,
        "generalAndAdministrativeExpenses": -172183000,
        "sellingAndMarketingExpenses": 317283000,
        "otherExpenses": 0.0,
        "operatingExpenses": 218100000.00000003,
        "costAndExpenses": 243300000.00000003,
        "interestExpense": 3400000.0,
        "depreciationAndAmortization": 12799999.999999996,
        "ebitda": 128100000,
        "ebitdaratio": 0.3572225320691578,
        "operatingIncome": 115300000,
        "operatingIncomeRatio": 0.32152816508644727,
        "totalOtherIncomeExpensesNet": 10962000,
        "incomeBeforeTax": 119100000,
        "incomeBeforeTaxRatio": 0.3321249302844395,
        "incomeTaxExpense": 35700000,
        "netIncome": 83300000,
        "netIncomeRatio": 0.23229224762967093,
        "eps": 0.16965,
        "epsdiluted": 0.16965,
        "weightedAverageShsOut": 491000000,
        "weightedAverageShsOutDil": 491000000,
        "link": "https://www.sec.gov/Archives/edgar/data/796343/000104746904003345/0001047469-04-003345-index.htm",
        "finalLink": "https://www.sec.gov/Archives/edgar/data/796343/000104746904003345/a2127850z10-k.htm"
    },
    {
        "date": "2003-08-29",
        "symbol": "ADBE",
        "reportedCurrency": "USD",
        "fillingDate": "2003-10-10",
        "acceptedDate": "2003-10-10 15:20:44",
        "period": "Q3",
        "revenue": 319100000,
        "costOfRevenue": 22100000,
        "grossProfit": 297000000,
        "grossProfitRatio": 0.9307427138827954,
        "researchAndDevelopmentExpenses": 68800000,
        "generalAndAdministrativeExpenses": 136078000,
        "sellingAndMarketingExpenses": 422000.0,
        "otherExpenses": 0.0,
        "operatingExpenses": 204800000,
        "costAndExpenses": 226900000,
        "interestExpense": 3000000.0,
        "depreciationAndAmortization": 12100000.000000002,
        "ebitda": 104300000,
        "ebitdaratio": 0.3268567847069884,
        "operatingIncome": 92200000,
        "operatingIncomeRatio": 0.288937637104356,
        "totalOtherIncomeExpensesNet": -927.0,
        "incomeBeforeTax": 92200000,
        "incomeBeforeTaxRatio": 0.288937637104356,
        "incomeTaxExpense": 27700000,
        "netIncome": 64500000,
        "netIncomeRatio": 0.2021309934189909,
        "eps": 0.1341,
        "epsdiluted": 0.1341,
        "weightedAverageShsOut": 481000000,
        "weightedAverageShsOutDil": 481000000,
        "link": "https://www.sec.gov/Archives/edgar/data/796343/000104746903033124/0001047469-03-033124-index.htm",
        "finalLink": "https://www.sec.gov/Archives/edgar/data/796343/000104746903033124/a2119920z10-q.htm"
    },
    {
        "date": "2003-05-30",
        "symbol": "ADBE",
        "reportedCurrency": "USD",
        "fillingDate": "2003-07-08",
        "acceptedDate": "2003-07-08 16:37:35",
        "period": "Q2",
        "revenue": 320100000,
        "costOfRevenue": 23400000,
        "grossProfit": 296700000,
        "grossProfitRatio": 0.9268978444236177,
        "researchAndDevelopmentExpenses": 69100000,
        "generalAndAdministrativeExpenses": 30488000,
        "sellingAndMarketingExpenses": 105712000,
        "otherExpenses": 0.0,
        "operatingExpenses": 205299999.99999997,
        "costAndExpenses": 228699999.99999997,
        "interestExpense": 3900000.0,
        "depreciationAndAmortization": 12100000.000000002,
        "ebitda": 103600000,
        "ebitdaratio": 0.32364885973133395,
        "operatingIncome": 91500000,
        "operatingIncomeRatio": 0.2858481724461106,
        "totalOtherIncomeExpensesNet": 3885.0,
        "incomeBeforeTax": 91800000,
        "incomeBeforeTaxRatio": 0.2867853795688847,
        "incomeTaxExpense": 27500000,
        "netIncome": 64200000,
        "netIncomeRatio": 0.20056232427366447,
        "eps": 0.13417,
        "epsdiluted": 0.13417,
        "weightedAverageShsOut": 478500000,
        "weightedAverageShsOutDil": 478500000,
        "link": "https://www.sec.gov/Archives/edgar/data/796343/000104746903023595/0001047469-03-023595-index.htm",
        "finalLink": "https://www.sec.gov/Archives/edgar/data/796343/000104746903023595/a2114287z10-q.htm"
    },
    {
        "date": "2003-02-28",
        "symbol": "ADBE",
        "reportedCurrency": "USD",
        "fillingDate": "2003-04-11",
        "acceptedDate": "2003-04-11 15:16:43",
        "period": "Q1",
        "revenue": 296895000,
        "costOfRevenue": 22362000,
        "grossProfit": 274533000,
        "grossProfitRatio": 0.9246804425807104,
        "researchAndDevelopmentExpenses": 65956000,
        "generalAndAdministrativeExpenses": 0.0,
        "sellingAndMarketingExpenses": 0.0,
        "otherExpenses": 0.0,
        "operatingExpenses": 194025000,
        "costAndExpenses": 216387000,
        "interestExpense": 0.0,
        "depreciationAndAmortization": 11992000,
        "ebitda": 92500000,
        "ebitdaratio": 0.3115579582007107,
        "operatingIncome": 80508000,
        "operatingIncomeRatio": 0.27116657404132777,
        "totalOtherIncomeExpensesNet": -6692000.0,
        "incomeBeforeTax": 77465000,
        "incomeBeforeTaxRatio": 0.26091715926506004,
        "incomeTaxExpense": 23240000,
        "netIncome": 54225000,
        "netIncomeRatio": 0.18264032738847066,
        "eps": 0.11732746533727995,
        "epsdiluted": 0.1152281826140913,
        "weightedAverageShsOut": 462168000,
        "weightedAverageShsOutDil": 470588000,
        "link": "https://www.sec.gov/Archives/edgar/data/796343/000104746903013090/0001047469-03-013090-index.htm",
        "finalLink": "https://www.sec.gov/Archives/edgar/data/796343/000117494703000004/adobe_10kfy02.htm"
    },
    {
        "date": "2002-11-29",
        "symbol": "ADBE",
        "reportedCurrency": "USD",
        "fillingDate": "2003-02-26",
        "acceptedDate": "2003-02-26 17:18:40",
        "period": "Q4",
        "revenue": 294700000,
        "costOfRevenue": 26500000,
        "grossProfit": 268200000,
        "grossProfitRatio": 0.9100780454699695,
        "researchAndDevelopmentExpenses": 64200000,
        "generalAndAdministrativeExpenses": -166430000,
        "sellingAndMarketingExpenses": 286530000,
        "otherExpenses": 35349000,
        "operatingExpenses": 205200000,
        "costAndExpenses": 231700000,
        "interestExpense": 3000000.0,
        "depreciationAndAmortization": 17100000,
        "ebitda": 80000000,
        "ebitdaratio": 0.2714625042416016,
        "operatingIncome": 62900000,
        "operatingIncomeRatio": 0.21343739395995928,
        "totalOtherIncomeExpensesNet": 10706000,
        "incomeBeforeTax": 62200000,
        "incomeBeforeTaxRatio": 0.21106209704784526,
        "incomeTaxExpense": 22100000,
        "netIncome": 40100000,
        "netIncomeRatio": 0.13607058025110283,
        "eps": 0.0841,
        "epsdiluted": 0.0841,
        "weightedAverageShsOut": 476800000,
        "weightedAverageShsOutDil": 476800000,
        "link": "https://www.sec.gov/Archives/edgar/data/796343/000117494703000004/0001174947-03-000004-index.htm",
        "finalLink": "https://www.sec.gov/Archives/edgar/data/796343/000117494703000004/adobe_10kfy02.htm"
    },
    {
        "date": "2002-08-30",
        "symbol": "ADBE",
        "reportedCurrency": "USD",
        "fillingDate": "2002-10-15",
        "acceptedDate": "2002-10-15 10:06:07",
        "period": "Q3",
        "revenue": 284900000,
        "costOfRevenue": 31600000,
        "grossProfit": 253300000,
        "grossProfitRatio": 0.8890838890838891,
        "researchAndDevelopmentExpenses": 59700000,
        "generalAndAdministrativeExpenses": -93716500000,
        "sellingAndMarketingExpenses": 93837000000,
        "otherExpenses": 3541000000,
        "operatingExpenses": 183800000,
        "costAndExpenses": 215400000,
        "interestExpense": 4100000.0,
        "depreciationAndAmortization": 16900000,
        "ebitda": 86400000,
        "ebitdaratio": 0.30326430326430326,
        "operatingIncome": 69500000,
        "operatingIncomeRatio": 0.24394524394524394,
        "totalOtherIncomeExpensesNet": 4141000000,
        "incomeBeforeTax": 69400000,
        "incomeBeforeTaxRatio": 0.2435942435942436,
        "incomeTaxExpense": 22200000,
        "netIncome": 47200000,
        "netIncomeRatio": 0.16567216567216567,
        "eps": 0.09696,
        "epsdiluted": 0.09696,
        "weightedAverageShsOut": 486800000,
        "weightedAverageShsOutDil": 486800000,
        "link": "https://www.sec.gov/Archives/edgar/data/796343/000091205702038573/0000912057-02-038573-index.htm",
        "finalLink": "https://www.sec.gov/Archives/edgar/data/796343/000091205702038573/a2090934z10-q.htm"
    },
    {
        "date": "2002-05-31",
        "symbol": "ADBE",
        "reportedCurrency": "USD",
        "fillingDate": "2002-07-15",
        "acceptedDate": "2002-07-12 20:33:49",
        "period": "Q2",
        "revenue": 317359000,
        "costOfRevenue": 25133000,
        "grossProfit": 292226000,
        "grossProfitRatio": 0.9208057751631433,
        "researchAndDevelopmentExpenses": 62858000,
        "generalAndAdministrativeExpenses": 132964000,
        "sellingAndMarketingExpenses": 0.0,
        "otherExpenses": 0.0,
        "operatingExpenses": 199363000,
        "costAndExpenses": 224496000,
        "interestExpense": 0.0,
        "depreciationAndAmortization": 15722000,
        "ebitda": 108585000,
        "ebitdaratio": 0.3421519477941385,
        "operatingIncome": 92863000,
        "operatingIncomeRatio": 0.2926118370678002,
        "totalOtherIncomeExpensesNet": -15743000,
        "incomeBeforeTax": 79855000,
        "incomeBeforeTaxRatio": 0.25162355565778816,
        "incomeTaxExpense": 25554000,
        "netIncome": 54301000,
        "netIncomeRatio": 0.17110275744503858,
        "eps": 0.115,
        "epsdiluted": 0.11,
        "weightedAverageShsOut": 476404000,
        "weightedAverageShsOutDil": 495374000,
        "link": "https://www.sec.gov/Archives/edgar/data/796343/000091205702027257/0000912057-02-027257-index.htm",
        "finalLink": "https://www.sec.gov/Archives/edgar/data/796343/000091205702027257/a2084217z10-q.htm"
    },
    {
        "date": "2002-03-01",
        "symbol": "ADBE",
        "reportedCurrency": "USD",
        "fillingDate": "2002-04-11",
        "acceptedDate": "2002-04-11 00:00:00",
        "period": "Q1",
        "revenue": 267900000,
        "costOfRevenue": 21000000,
        "grossProfit": 246900000,
        "grossProfitRatio": 0.921612541993281,
        "researchAndDevelopmentExpenses": 59300000,
        "generalAndAdministrativeExpenses": -89203100000,
        "sellingAndMarketingExpenses": 89318000000,
        "otherExpenses": 8900000000,
        "operatingExpenses": 183100000,
        "costAndExpenses": 204100000,
        "interestExpense": 4900000.0,
        "depreciationAndAmortization": 13800000,
        "ebitda": 77600000,
        "ebitdaratio": 0.2896603210153042,
        "operatingIncome": 63800000,
        "operatingIncomeRatio": 0.23814856289660322,
        "totalOtherIncomeExpensesNet": 4929000000,
        "incomeBeforeTax": 73200000,
        "incomeBeforeTaxRatio": 0.2732362821948488,
        "incomeTaxExpense": 23400000,
        "netIncome": 49800000,
        "netIncomeRatio": 0.1858902575587906,
        "eps": 0.10153,
        "epsdiluted": 0.10153,
        "weightedAverageShsOut": 490500000,
        "weightedAverageShsOutDil": 490500000,
        "link": "https://www.sec.gov/Archives/edgar/data/796343/000091205702014581/0000912057-02-014581-index.htm",
        "finalLink": "https://www.sec.gov/Archives/edgar/data/796343/000091205702007164/a2069604z10-k.htm"
    },
    {
        "date": "2001-11-30",
        "symbol": "ADBE",
        "reportedCurrency": "USD",
        "fillingDate": "2002-02-21",
        "acceptedDate": "2002-02-21 00:00:00",
        "period": "Q4",
        "revenue": 264540000,
        "costOfRevenue": 19035000,
        "grossProfit": 245505000,
        "grossProfitRatio": 0.9280449081424359,
        "researchAndDevelopmentExpenses": 54649000,
        "generalAndAdministrativeExpenses": 122982000,
        "sellingAndMarketingExpenses": 0.0,
        "otherExpenses": 0.0,
        "operatingExpenses": 181181000,
        "costAndExpenses": 200216000,
        "interestExpense": 0.0,
        "depreciationAndAmortization": 14190000,
        "ebitda": 78514000,
        "ebitdaratio": 0.29679443562410224,
        "operatingIncome": 64324000,
        "operatingIncomeRatio": 0.24315415438118998,
        "totalOtherIncomeExpensesNet": -17961000,
        "incomeBeforeTax": 51178000,
        "incomeBeforeTaxRatio": 0.19346034626143493,
        "incomeTaxExpense": 16889000,
        "netIncome": 34289000,
        "netIncomeRatio": 0.1296174491570273,
        "eps": 0.07202028136827823,
        "epsdiluted": 0.07202028136827823,
        "weightedAverageShsOut": 476102000,
        "weightedAverageShsOutDil": 476102000,
        "link": "https://www.sec.gov/Archives/edgar/data/796343/000091205702007164/0000912057-02-007164-index.htm",
        "finalLink": "https://www.sec.gov/Archives/edgar/data/796343/000091205702007164/a2069604z10-k.htm"
    },
    {
        "date": "2001-08-31",
        "symbol": "ADBE",
        "reportedCurrency": "USD",
        "fillingDate": "2001-10-11",
        "acceptedDate": "2001-10-11 00:00:00",
        "period": "Q3",
        "revenue": 292118000,
        "costOfRevenue": 20041000,
        "grossProfit": 272077000,
        "grossProfitRatio": 0.9313941626329086,
        "researchAndDevelopmentExpenses": 54189000,
        "generalAndAdministrativeExpenses": 121477000,
        "sellingAndMarketingExpenses": 0.0,
        "otherExpenses": 0.0,
        "operatingExpenses": 179234000,
        "costAndExpenses": 199275000,
        "interestExpense": 0.0,
        "depreciationAndAmortization": 13787000,
        "ebitda": 106630000,
        "ebitdaratio": 0.3650237232899034,
        "operatingIncome": 92843000,
        "operatingIncomeRatio": 0.3178270424965254,
        "totalOtherIncomeExpensesNet": -39447000,
        "incomeBeforeTax": 30140000,
        "incomeBeforeTaxRatio": 0.1031774830719093,
        "incomeTaxExpense": 19846000,
        "netIncome": 40294000,
        "netIncomeRatio": 0.1379374088553256,
        "eps": 0.085,
        "epsdiluted": 0.08,
        "weightedAverageShsOut": 476102000,
        "weightedAverageShsOutDil": 497132000,
        "link": "https://www.sec.gov/Archives/edgar/data/796343/000091205701535053/0000912057-01-535053-index.htm",
        "finalLink": "https://www.sec.gov/Archives/edgar/data/796343/000091205701535053/a2060753z10-q.htm"
    },
    {
        "date": "2001-06-01",
        "symbol": "ADBE",
        "reportedCurrency": "USD",
        "fillingDate": "2001-07-16",
        "acceptedDate": "2001-07-16 00:00:00",
        "period": "Q2",
        "revenue": 344100000,
        "costOfRevenue": 22400000,
        "grossProfit": 321700000,
        "grossProfitRatio": 0.9349026445800639,
        "researchAndDevelopmentExpenses": 59600000,
        "generalAndAdministrativeExpenses": -5581300000,
        "sellingAndMarketingExpenses": 5722000000,
        "otherExpenses": -1000000.0,
        "operatingExpenses": 203799999.99999997,
        "costAndExpenses": 226199999.99999997,
        "interestExpense": 4600000.0,
        "depreciationAndAmortization": 14500000,
        "ebitda": 132400000,
        "ebitdaratio": 0.3847718686428364,
        "operatingIncome": 117900000,
        "operatingIncomeRatio": 0.34263295553618134,
        "totalOtherIncomeExpensesNet": -1065000000,
        "incomeBeforeTax": 91500000,
        "incomeBeforeTaxRatio": 0.26591107236268524,
        "incomeTaxExpense": 30200000,
        "netIncome": 61300000,
        "netIncomeRatio": 0.17814588782330718,
        "eps": 0.12253,
        "epsdiluted": 0.12253,
        "weightedAverageShsOut": 500300000,
        "weightedAverageShsOutDil": 500300000,
        "link": "https://www.sec.gov/Archives/edgar/data/796343/000091205701523851/0000912057-01-523851-index.htm",
        "finalLink": "https://www.sec.gov/Archives/edgar/data/796343/000091205701523851/a2052732z10-q.htm"
    },
    {
        "date": "2001-03-02",
        "symbol": "ADBE",
        "reportedCurrency": "USD",
        "fillingDate": "2001-04-13",
        "acceptedDate": "2001-04-13 00:00:00",
        "period": "Q1",
        "revenue": 329000000,
        "costOfRevenue": 20000000,
        "grossProfit": 309000000,
        "grossProfitRatio": 0.939209726443769,
        "researchAndDevelopmentExpenses": 55700000,
        "generalAndAdministrativeExpenses": -103725800000,
        "sellingAndMarketingExpenses": 103860000000,
        "otherExpenses": 3582000000,
        "operatingExpenses": 193500000,
        "costAndExpenses": 213500000,
        "interestExpense": 5700000.0,
        "depreciationAndAmortization": 14200000,
        "ebitda": 129700000,
        "ebitdaratio": 0.39422492401215803,
        "operatingIncome": 115500000,
        "operatingIncomeRatio": 0.35106382978723405,
        "totalOtherIncomeExpensesNet": 5697000000,
        "incomeBeforeTax": 104100000,
        "incomeBeforeTaxRatio": 0.31641337386018237,
        "incomeTaxExpense": 34400000,
        "netIncome": 69800000,
        "netIncomeRatio": 0.2121580547112462,
        "eps": 0.13762,
        "epsdiluted": 0.13762,
        "weightedAverageShsOut": 507200000,
        "weightedAverageShsOutDil": 507200000,
        "link": "https://www.sec.gov/Archives/edgar/data/796343/000091205701508694/0000912057-01-508694-index.htm",
        "finalLink": "https://www.sec.gov/Archives/edgar/data/796343/000091205701006700/a2039309z10-k.htm"
    },
    {
        "date": "2000-12-01",
        "symbol": "ADBE",
        "reportedCurrency": "USD",
        "fillingDate": "2001-02-26",
        "acceptedDate": "2001-02-26 00:00:00",
        "period": "Q4",
        "revenue": 355200000,
        "costOfRevenue": 22300000,
        "grossProfit": 332900000,
        "grossProfitRatio": 0.9372184684684685,
        "researchAndDevelopmentExpenses": 60300000,
        "generalAndAdministrativeExpenses": 31927000,
        "sellingAndMarketingExpenses": 113173000,
        "otherExpenses": 3850000.0,
        "operatingExpenses": 209200000,
        "costAndExpenses": 231500000,
        "interestExpense": 6500000.0,
        "depreciationAndAmortization": 12399999.999999998,
        "ebitda": 136100000,
        "ebitdaratio": 0.3831644144144144,
        "operatingIncome": 123700000,
        "operatingIncomeRatio": 0.3482545045045045,
        "totalOtherIncomeExpensesNet": 6511000.0,
        "incomeBeforeTax": 122800000,
        "incomeBeforeTaxRatio": 0.34572072072072074,
        "incomeTaxExpense": 43600000,
        "netIncome": 79200000,
        "netIncomeRatio": 0.22297297297297297,
        "eps": 0.15391,
        "epsdiluted": 0.15391,
        "weightedAverageShsOut": 514600000,
        "weightedAverageShsOutDil": 514600000,
        "link": "https://www.sec.gov/Archives/edgar/data/796343/000091205701006700/0000912057-01-006700-index.htm",
        "finalLink": "https://www.sec.gov/Archives/edgar/data/796343/000091205701006700/a2039309z10-k.htm"
    },
    {
        "date": "2000-09-01",
        "symbol": "ADBE",
        "reportedCurrency": "USD",
        "fillingDate": "2000-10-16",
        "acceptedDate": "2000-10-16 00:00:00",
        "period": "Q3",
        "revenue": 328900000,
        "costOfRevenue": 23700000,
        "grossProfit": 305200000,
        "grossProfitRatio": 0.9279416235937975,
        "researchAndDevelopmentExpenses": 61600000,
        "generalAndAdministrativeExpenses": -194256500000,
        "sellingAndMarketingExpenses": 194393000000,
        "otherExpenses": 1746000000,
        "operatingExpenses": 199300000,
        "costAndExpenses": 223000000,
        "interestExpense": 5200000.0,
        "depreciationAndAmortization": 9799999.999999996,
        "ebitda": 115700000,
        "ebitdaratio": 0.35177865612648224,
        "operatingIncome": 105900000,
        "operatingIncomeRatio": 0.3219823654606263,
        "totalOtherIncomeExpensesNet": 10807000000,
        "incomeBeforeTax": 120400000,
        "incomeBeforeTaxRatio": 0.36606871389480083,
        "incomeTaxExpense": 42200000,
        "netIncome": 78300000,
        "netIncomeRatio": 0.2380662815445424,
        "eps": 0.15302,
        "epsdiluted": 0.15302,
        "weightedAverageShsOut": 511700000,
        "weightedAverageShsOutDil": 511700000,
        "link": "https://www.sec.gov/Archives/edgar/data/796343/000109238800500084/0001092388-00-500084-index.htm",
        "finalLink": "https://www.sec.gov/Archives/edgar/data/796343/000109238800500084/adobe_10qv3a.htm"
    },
    {
        "date": "2000-06-02",
        "symbol": "ADBE",
        "reportedCurrency": "USD",
        "fillingDate": "2000-07-17 00:00:00",
        "acceptedDate": "2000-07-17 00:00:00",
        "period": "Q2",
        "revenue": 300100000,
        "costOfRevenue": 20600000,
        "grossProfit": 279500000,
        "grossProfitRatio": 0.931356214595135,
        "researchAndDevelopmentExpenses": 60900000,
        "generalAndAdministrativeExpenses": 121500000,
        "sellingAndMarketingExpenses": 0.0,
        "otherExpenses": 0.0,
        "operatingExpenses": 190000000,
        "costAndExpenses": 210600000,
        "interestExpense": 4000000.0,
        "depreciationAndAmortization": 10200000.000000002,
        "ebitda": 99700000,
        "ebitdaratio": 0.33222259246917696,
        "operatingIncome": 89500000,
        "operatingIncomeRatio": 0.29823392202599136,
        "totalOtherIncomeExpensesNet": 0.0,
        "incomeBeforeTax": 101200000,
        "incomeBeforeTaxRatio": 0.3372209263578807,
        "incomeTaxExpense": 35400000,
        "netIncome": 65800000,
        "netIncomeRatio": 0.21926024658447185,
        "eps": 0.12884,
        "epsdiluted": 0.12884,
        "weightedAverageShsOut": 510700000,
        "weightedAverageShsOutDil": 510700000,
        "link": "https://www.sec.gov/Archives/edgar/data/796343/000091205700032138/0000912057-00-032138-index.html",
        "finalLink": "https://www.sec.gov/Archives/edgar/data/796343/000091205700032138/a10-q.htm"
    },
    {
        "date": "2000-03-03",
        "symbol": "ADBE",
        "reportedCurrency": "USD",
        "fillingDate": "2000-04-18 00:00:00",
        "acceptedDate": "2000-04-18 00:00:00",
        "period": "Q1",
        "revenue": 282200000,
        "costOfRevenue": 20700000,
        "grossProfit": 261500000,
        "grossProfitRatio": 0.9266477675407513,
        "researchAndDevelopmentExpenses": 57500000,
        "generalAndAdministrativeExpenses": 114500000,
        "sellingAndMarketingExpenses": 0.0,
        "otherExpenses": 0.0,
        "operatingExpenses": 172500000,
        "costAndExpenses": 193200000,
        "interestExpense": 5700000.0,
        "depreciationAndAmortization": 10900000,
        "ebitda": 99900000,
        "ebitdaratio": 0.354004252303331,
        "operatingIncome": 89000000,
        "operatingIncomeRatio": 0.31537916371367825,
        "totalOtherIncomeExpensesNet": 0.0,
        "incomeBeforeTax": 99300000,
        "incomeBeforeTaxRatio": 0.3518781006378455,
        "incomeTaxExpense": 34800000,
        "netIncome": 64600000,
        "netIncomeRatio": 0.2289156626506024,
        "eps": 0.12767,
        "epsdiluted": 0.12767,
        "weightedAverageShsOut": 506000000,
        "weightedAverageShsOutDil": 506000000,
        "link": "https://www.sec.gov/Archives/edgar/data/796343/000091205700018459/0000912057-00-018459-index.html",
        "finalLink": "https://www.sec.gov/Archives/edgar/data/796343/000091205700018459/0000912057-00-018459-d1.html"
    },
    {
        "date": "1999-12-03",
        "symbol": "ADBE",
        "reportedCurrency": "USD",
        "fillingDate": "1999-12-03",
        "acceptedDate": "Not found...",
        "period": "Q4",
        "revenue": 281800000,
        "costOfRevenue": 24100000,
        "grossProfit": 257700000,
        "grossProfitRatio": 0.9144783534421576,
        "researchAndDevelopmentExpenses": 57000000,
        "generalAndAdministrativeExpenses": 110700000,
        "sellingAndMarketingExpenses": 0.0,
        "otherExpenses": 0.0,
        "operatingExpenses": 175700000.00000003,
        "costAndExpenses": 199800000.00000003,
        "interestExpense": 9600000.0,
        "depreciationAndAmortization": 11199999.999999996,
        "ebitda": 93100000,
        "ebitdaratio": 0.3303761533002129,
        "operatingIncome": 81900000,
        "operatingIncomeRatio": 0.29063165365507454,
        "totalOtherIncomeExpensesNet": 0.0,
        "incomeBeforeTax": 153300000,
        "incomeBeforeTaxRatio": 0.5440028388928317,
        "incomeTaxExpense": 55900000,
        "netIncome": 97400000,
        "netIncomeRatio": 0.3456352022711143,
        "eps": 0.1876,
        "epsdiluted": 0.1876,
        "weightedAverageShsOut": 519200000,
        "weightedAverageShsOutDil": 519200000,
        "link": "",
        "finalLink": ""
    },
    {
        "date": "1999-09-03",
        "symbol": "ADBE",
        "reportedCurrency": "USD",
        "fillingDate": "1999-09-03",
        "acceptedDate": "1999-09-03",
        "period": "Q3",
        "revenue": 260900000,
        "costOfRevenue": 24300000,
        "grossProfit": 236600000,
        "grossProfitRatio": 0.9068608662322729,
        "researchAndDevelopmentExpenses": 48000000,
        "generalAndAdministrativeExpenses": 111000000,
        "sellingAndMarketingExpenses": 0.0,
        "otherExpenses": 0.0,
        "operatingExpenses": 164600000,
        "costAndExpenses": 188900000,
        "interestExpense": 4900000.0,
        "depreciationAndAmortization": 12500000,
        "ebitda": 84500000,
        "ebitdaratio": 0.3238788807972403,
        "operatingIncome": 72000000,
        "operatingIncomeRatio": 0.2759678037562284,
        "totalOtherIncomeExpensesNet": 0.0,
        "incomeBeforeTax": 90000000,
        "incomeBeforeTaxRatio": 0.34495975469528556,
        "incomeTaxExpense": 32900000,
        "netIncome": 57200000,
        "netIncomeRatio": 0.21924108853967036,
        "eps": 0.1103,
        "epsdiluted": 0.1103,
        "weightedAverageShsOut": 518600000,
        "weightedAverageShsOutDil": 518600000,
        "link": "",
        "finalLink": ""
    },
    {
        "date": "1999-06-04",
        "symbol": "ADBE",
        "reportedCurrency": "USD",
        "fillingDate": "1999-06-04",
        "acceptedDate": "1999-06-04",
        "period": "Q2",
        "revenue": 245900000,
        "costOfRevenue": 23700000,
        "grossProfit": 222200000,
        "grossProfitRatio": 0.9036193574623831,
        "researchAndDevelopmentExpenses": 47600000,
        "generalAndAdministrativeExpenses": 106500000,
        "sellingAndMarketingExpenses": 0.0,
        "otherExpenses": 0.0,
        "operatingExpenses": 170700000.00000003,
        "costAndExpenses": 194400000.00000003,
        "interestExpense": 5300000.0,
        "depreciationAndAmortization": 14700000.000000002,
        "ebitda": 66200000,
        "ebitdaratio": 0.269215128100854,
        "operatingIncome": 51500000,
        "operatingIncomeRatio": 0.20943472956486375,
        "totalOtherIncomeExpensesNet": 0.0,
        "incomeBeforeTax": 70800000,
        "incomeBeforeTaxRatio": 0.2879219194794632,
        "incomeTaxExpense": 25800000,
        "netIncome": 45000000,
        "netIncomeRatio": 0.18300122000813338,
        "eps": 0.08782,
        "epsdiluted": 0.08782,
        "weightedAverageShsOut": 512400000,
        "weightedAverageShsOutDil": 512400000,
        "link": "",
        "finalLink": ""
    },
    {
        "date": "1999-03-05",
        "symbol": "ADBE",
        "reportedCurrency": "USD",
        "fillingDate": "1999-03-05",
        "acceptedDate": "1999-03-05",
        "period": "Q1",
        "revenue": 226900000,
        "costOfRevenue": 22500000,
        "grossProfit": 204400000,
        "grossProfitRatio": 0.9008373732921993,
        "researchAndDevelopmentExpenses": 44900000,
        "generalAndAdministrativeExpenses": 103900000,
        "sellingAndMarketingExpenses": 0.0,
        "otherExpenses": 0.0,
        "operatingExpenses": 149900000,
        "costAndExpenses": 172400000,
        "interestExpense": 5900000.0,
        "depreciationAndAmortization": 12400000,
        "ebitda": 66900000,
        "ebitdaratio": 0.29484354341119434,
        "operatingIncome": 54500000,
        "operatingIncomeRatio": 0.24019391802556192,
        "totalOtherIncomeExpensesNet": 0.0,
        "incomeBeforeTax": 60300000,
        "incomeBeforeTaxRatio": 0.2657558395769061,
        "incomeTaxExpense": 22000000,
        "netIncome": 38300000,
        "netIncomeRatio": 0.16879682679594535,
        "eps": 0.07553,
        "epsdiluted": 0.07553,
        "weightedAverageShsOut": 507100000,
        "weightedAverageShsOutDil": 507100000,
        "link": "",
        "finalLink": ""
    },
    {
        "date": "1998-11-27",
        "symbol": "ADBE",
        "reportedCurrency": "USD",
        "fillingDate": "1998-11-27",
        "acceptedDate": "1998-11-27",
        "period": "Q4",
        "revenue": 246700000,
        "costOfRevenue": 24300000,
        "grossProfit": 222400000,
        "grossProfitRatio": 0.9014997973246859,
        "researchAndDevelopmentExpenses": 46500000,
        "generalAndAdministrativeExpenses": 95900000,
        "sellingAndMarketingExpenses": 0.0,
        "otherExpenses": 0.0,
        "operatingExpenses": 149899999.99999997,
        "costAndExpenses": 174199999.99999997,
        "interestExpense": 5100000.0,
        "depreciationAndAmortization": 11299999.999999996,
        "ebitda": 83800000,
        "ebitdaratio": 0.33968382650993106,
        "operatingIncome": 72500000,
        "operatingIncomeRatio": 0.2938792055127685,
        "totalOtherIncomeExpensesNet": 0.0,
        "incomeBeforeTax": 80200000,
        "incomeBeforeTaxRatio": 0.32509120389136603,
        "incomeTaxExpense": 29900000,
        "netIncome": 50300000,
        "netIncomeRatio": 0.20389136603161734,
        "eps": 0.09686,
        "epsdiluted": 0.09686,
        "weightedAverageShsOut": 519300000,
        "weightedAverageShsOutDil": 519300000,
        "link": "",
        "finalLink": ""
    },
    {
        "date": "1998-08-28",
        "symbol": "ADBE",
        "reportedCurrency": "USD",
        "fillingDate": "1998-08-28",
        "acceptedDate": "1998-08-28",
        "period": "Q3",
        "revenue": 222900000,
        "costOfRevenue": 23400000,
        "grossProfit": 199600000,
        "grossProfitRatio": 0.895468820098699,
        "researchAndDevelopmentExpenses": 49000000,
        "generalAndAdministrativeExpenses": 118700000,
        "sellingAndMarketingExpenses": 0.0,
        "otherExpenses": 0.0,
        "operatingExpenses": 205600000,
        "costAndExpenses": 229000000,
        "interestExpense": 6100000.0,
        "depreciationAndAmortization": 17000000,
        "ebitda": 10900000,
        "ebitdaratio": 0.048900852400179454,
        "operatingIncome": -6100000.0,
        "operatingIncomeRatio": -0.02736653207716465,
        "totalOtherIncomeExpensesNet": 0.0,
        "incomeBeforeTax": 200000.0,
        "incomeBeforeTaxRatio": 0.0008972633467922835,
        "incomeTaxExpense": 100000.0,
        "netIncome": 200000.0,
        "netIncomeRatio": 0.0008972633467922835,
        "eps": 0.00037,
        "epsdiluted": 0.00037,
        "weightedAverageShsOut": 547300000,
        "weightedAverageShsOutDil": 547300000,
        "link": "",
        "finalLink": ""
    },
    {
        "date": "1998-05-29",
        "symbol": "ADBE",
        "reportedCurrency": "USD",
        "fillingDate": "1998-05-29",
        "acceptedDate": "1998-05-29",
        "period": "Q2",
        "revenue": 227300000,
        "costOfRevenue": 25600000,
        "grossProfit": 201700000,
        "grossProfitRatio": 0.8873735151781786,
        "researchAndDevelopmentExpenses": 49400000,
        "generalAndAdministrativeExpenses": 114500000,
        "sellingAndMarketingExpenses": 0.0,
        "otherExpenses": 0.0,
        "operatingExpenses": 164500000,
        "costAndExpenses": 190100000,
        "interestExpense": 7600000.0,
        "depreciationAndAmortization": 10600000.000000002,
        "ebitda": 47800000,
        "ebitdaratio": 0.21029476462824462,
        "operatingIncome": 37200000,
        "operatingIncomeRatio": 0.1636603607567092,
        "totalOtherIncomeExpensesNet": 0.0,
        "incomeBeforeTax": 44600000,
        "incomeBeforeTaxRatio": 0.19621645402551693,
        "incomeTaxExpense": 16700000,
        "netIncome": 28000000,
        "netIncomeRatio": 0.12318521777386714,
        "eps": 0.05073,
        "epsdiluted": 0.05073,
        "weightedAverageShsOut": 551900000,
        "weightedAverageShsOutDil": 551900000,
        "link": "",
        "finalLink": ""
    },
    {
        "date": "1998-02-27",
        "symbol": "ADBE",
        "reportedCurrency": "USD",
        "fillingDate": "1998-04-09",
        "acceptedDate": "1998-04-09",
        "period": "Q1",
        "revenue": 197800000,
        "costOfRevenue": 27800000,
        "grossProfit": 170000000,
        "grossProfitRatio": 0.8594539939332659,
        "researchAndDevelopmentExpenses": 43300000,
        "generalAndAdministrativeExpenses": 105000000,
        "sellingAndMarketingExpenses": 0.0,
        "otherExpenses": 0.0,
        "operatingExpenses": 148299999.99999997,
        "costAndExpenses": 176099999.99999997,
        "interestExpense": 8500000.0,
        "depreciationAndAmortization": 17400000,
        "ebitda": 39100000,
        "ebitdaratio": 0.19767441860465115,
        "operatingIncome": 21700000,
        "operatingIncomeRatio": 0.10970677451971689,
        "totalOtherIncomeExpensesNet": 0.0,
        "incomeBeforeTax": 42600000,
        "incomeBeforeTaxRatio": 0.21536905965621841,
        "incomeTaxExpense": 15900000,
        "netIncome": 26700000,
        "netIncomeRatio": 0.13498483316481294,
        "eps": 0.04796,
        "epsdiluted": 0.04796,
        "weightedAverageShsOut": 556700000,
        "weightedAverageShsOutDil": 556700000,
        "link": "https://www.sec.gov/Archives/edgar/data/796343/0001047469-98-014381-index.html",
        "finalLink": "https://www.sec.gov/Archives/edgar/data/796343/"
    },
    {
        "date": "1997-11-28",
        "symbol": "ADBE",
        "reportedCurrency": "USD",
        "fillingDate": "1997-11-28",
        "acceptedDate": "1997-11-28",
        "period": "Q4",
        "revenue": 227100000,
        "costOfRevenue": 26600000,
        "grossProfit": 200500000,
        "grossProfitRatio": 0.8828709819462792,
        "researchAndDevelopmentExpenses": 47500000,
        "generalAndAdministrativeExpenses": 95500000,
        "sellingAndMarketingExpenses": 0.0,
        "otherExpenses": 0.0,
        "operatingExpenses": 143100000,
        "costAndExpenses": 169700000,
        "interestExpense": 16700000,
        "depreciationAndAmortization": 24699999.999999996,
        "ebitda": 82200000,
        "ebitdaratio": 0.3619550858652576,
        "operatingIncome": 57500000,
        "operatingIncomeRatio": 0.2531924262439454,
        "totalOtherIncomeExpensesNet": 0.0,
        "incomeBeforeTax": 74200000,
        "incomeBeforeTaxRatio": 0.32672831351827386,
        "incomeTaxExpense": 27400000,
        "netIncome": 46800000,
        "netIncomeRatio": 0.20607661822985468,
        "eps": 0.07943,
        "epsdiluted": 0.07943,
        "weightedAverageShsOut": 589200000,
        "weightedAverageShsOutDil": 589200000,
        "link": "",
        "finalLink": ""
    },
    {
        "date": "1997-08-29",
        "symbol": "ADBE",
        "reportedCurrency": "USD",
        "fillingDate": "1997-10-10 00:00:00",
        "acceptedDate": "1997-10-10 00:00:00",
        "period": "Q3",
        "revenue": 230000000,
        "costOfRevenue": 32700000,
        "grossProfit": 197400000,
        "grossProfitRatio": 0.8582608695652174,
        "researchAndDevelopmentExpenses": 43900000,
        "generalAndAdministrativeExpenses": 97300000,
        "sellingAndMarketingExpenses": 0.0,
        "otherExpenses": 0.0,
        "operatingExpenses": 145800000,
        "costAndExpenses": 178500000,
        "interestExpense": 33900000,
        "depreciationAndAmortization": 13100000.000000002,
        "ebitda": 64700000,
        "ebitdaratio": 0.28130434782608693,
        "operatingIncome": 51600000,
        "operatingIncomeRatio": 0.22434782608695653,
        "totalOtherIncomeExpensesNet": 0.0,
        "incomeBeforeTax": 85500000,
        "incomeBeforeTaxRatio": 0.3717391304347826,
        "incomeTaxExpense": 32100000,
        "netIncome": 53400000,
        "netIncomeRatio": 0.23217391304347826,
        "eps": 0.08957,
        "epsdiluted": 0.08957,
        "weightedAverageShsOut": 596200000,
        "weightedAverageShsOutDil": 596200000,
        "link": "https://www.sec.gov/Archives/edgar/data/796343/000104746997000385/0001047469-97-000385-index.html",
        "finalLink": "https://www.sec.gov/Archives/edgar/data/796343/0001047469-97-000385.txt"
    },
    {
        "date": "1997-05-30",
        "symbol": "ADBE",
        "reportedCurrency": "USD",
        "fillingDate": "1997-07-14 00:00:00",
        "acceptedDate": "1997-07-14 00:00:00",
        "period": "Q2",
        "revenue": 228300000,
        "costOfRevenue": 32700000,
        "grossProfit": 195600000,
        "grossProfitRatio": 0.8567674113009198,
        "researchAndDevelopmentExpenses": 41300000,
        "generalAndAdministrativeExpenses": 96300000,
        "sellingAndMarketingExpenses": 0.0,
        "otherExpenses": 0.0,
        "operatingExpenses": 140700000,
        "costAndExpenses": 173400000,
        "interestExpense": 8300000.0,
        "depreciationAndAmortization": 10400000.000000002,
        "ebitda": 65300000,
        "ebitdaratio": 0.28602715724923344,
        "operatingIncome": 54900000,
        "operatingIncomeRatio": 0.240473061760841,
        "totalOtherIncomeExpensesNet": 0.0,
        "incomeBeforeTax": 63200000,
        "incomeBeforeTaxRatio": 0.2768287341217696,
        "incomeTaxExpense": 23100000,
        "netIncome": 40100000,
        "netIncomeRatio": 0.17564607971966711,
        "eps": 0.06736,
        "epsdiluted": 0.06736,
        "weightedAverageShsOut": 595300000,
        "weightedAverageShsOutDil": 595300000,
        "link": "https://www.sec.gov/Archives/edgar/data/796343/000091205797024131/0000912057-97-024131-index.html",
        "finalLink": "https://www.sec.gov/Archives/edgar/data/796343/0000912057-97-024131.txt"
    },
    {
        "date": "1997-02-28",
        "symbol": "ADBE",
        "reportedCurrency": "USD",
        "fillingDate": "1997-04-14 00:00:00",
        "acceptedDate": "1997-04-14 00:00:00",
        "period": "Q1",
        "revenue": 226459000,
        "costOfRevenue": 34289000,
        "grossProfit": 192170000,
        "grossProfitRatio": 0.8485862783108642,
        "researchAndDevelopmentExpenses": 38197000,
        "generalAndAdministrativeExpenses": 89534000,
        "sellingAndMarketingExpenses": 0.0,
        "otherExpenses": 0.0,
        "operatingExpenses": 125372000,
        "costAndExpenses": 159661000,
        "interestExpense": 0.0,
        "depreciationAndAmortization": 11210000,
        "ebitda": 78008000,
        "ebitdaratio": 0.3444685351432268,
        "operatingIncome": 66798000,
        "operatingIncomeRatio": 0.2949673009242291,
        "totalOtherIncomeExpensesNet": 1735000.0,
        "incomeBeforeTax": 73167000,
        "incomeBeforeTaxRatio": 0.3230915971544518,
        "incomeTaxExpense": 26683000,
        "netIncome": 46484000,
        "netIncomeRatio": 0.20526452912006146,
        "eps": 0.07875,
        "epsdiluted": 0.07875,
        "weightedAverageShsOut": 591512000,
        "weightedAverageShsOutDil": 591512000,
        "link": "https://www.sec.gov/Archives/edgar/data/796343/000091205797012900/0000912057-97-012900-index.html",
        "finalLink": "https://www.sec.gov/Archives/edgar/data/796343/0000912057-97-012900.txt"
    },
    {
        "date": "1996-11-29",
        "symbol": "ADBE",
        "reportedCurrency": "USD",
        "fillingDate": "1996-11-29",
        "acceptedDate": "1996-11-29",
        "period": "Q4",
        "revenue": 207700000,
        "costOfRevenue": 36200000,
        "grossProfit": 171400000,
        "grossProfitRatio": 0.8252286952335098,
        "researchAndDevelopmentExpenses": 41700000,
        "generalAndAdministrativeExpenses": 81100000,
        "sellingAndMarketingExpenses": 0.0,
        "otherExpenses": 0.0,
        "operatingExpenses": 135000000,
        "costAndExpenses": 171200000,
        "interestExpense": 66100000,
        "depreciationAndAmortization": 34600000,
        "ebitda": 71000000,
        "ebitdaratio": 0.34183919114106887,
        "operatingIncome": 36400000,
        "operatingIncomeRatio": 0.17525276841598458,
        "totalOtherIncomeExpensesNet": 0.0,
        "incomeBeforeTax": 102500000,
        "incomeBeforeTaxRatio": 0.49350024073182475,
        "incomeTaxExpense": 34700000,
        "netIncome": 67800000,
        "netIncomeRatio": 0.32643235435724605,
        "eps": 0.11466,
        "epsdiluted": 0.11466,
        "weightedAverageShsOut": 591300000,
        "weightedAverageShsOutDil": 591300000,
        "link": "",
        "finalLink": ""
    },
    {
        "date": "1996-08-30",
        "symbol": "ADBE",
        "reportedCurrency": "USD",
        "fillingDate": "1996-10-10 00:00:00",
        "acceptedDate": "1996-10-10 00:00:00",
        "period": "Q3",
        "revenue": 180900000,
        "costOfRevenue": 33600000,
        "grossProfit": 147300000,
        "grossProfitRatio": 0.814262023217247,
        "researchAndDevelopmentExpenses": 36300000,
        "generalAndAdministrativeExpenses": 75500000,
        "sellingAndMarketingExpenses": 0.0,
        "otherExpenses": 0.0,
        "operatingExpenses": 112400000,
        "costAndExpenses": 146000000,
        "interestExpense": 13800000,
        "depreciationAndAmortization": 8100000.0,
        "ebitda": 43000000,
        "ebitdaratio": 0.2377003869541183,
        "operatingIncome": 34900000,
        "operatingIncomeRatio": 0.19292426755113323,
        "totalOtherIncomeExpensesNet": 0.0,
        "incomeBeforeTax": 48700000,
        "incomeBeforeTaxRatio": 0.26920950801547816,
        "incomeTaxExpense": 18800000,
        "netIncome": 29800000,
        "netIncomeRatio": 0.16473189607517966,
        "eps": 0.05013,
        "epsdiluted": 0.05013,
        "weightedAverageShsOut": 594500000,
        "weightedAverageShsOutDil": 594500000,
        "link": "https://www.sec.gov/Archives/edgar/data/796343/000091205796022473/0000912057-96-022473-index.html",
        "finalLink": "https://www.sec.gov/Archives/edgar/data/796343/0000912057-96-022473.txt"
    },
    {
        "date": "1996-05-31",
        "symbol": "ADBE",
        "reportedCurrency": "USD",
        "fillingDate": "1996-07-12 00:00:00",
        "acceptedDate": "1996-07-12 00:00:00",
        "period": "Q2",
        "revenue": 204337000,
        "costOfRevenue": 36078000,
        "grossProfit": 168259000,
        "grossProfitRatio": 0.8234387311157548,
        "researchAndDevelopmentExpenses": 37664000,
        "generalAndAdministrativeExpenses": 82167000,
        "sellingAndMarketingExpenses": 0.0,
        "otherExpenses": 0.0,
        "operatingExpenses": 120457000,
        "costAndExpenses": 156535000,
        "interestExpense": 0.0,
        "depreciationAndAmortization": 5267000.0,
        "ebitda": 53069000,
        "ebitdaratio": 0.25971312097172805,
        "operatingIncome": 47802000,
        "operatingIncomeRatio": 0.2339370745386298,
        "totalOtherIncomeExpensesNet": -14699000,
        "incomeBeforeTax": 39787000,
        "incomeBeforeTaxRatio": 0.1947126560534803,
        "incomeTaxExpense": 17778000,
        "netIncome": 22009000,
        "netIncomeRatio": 0.10770932332372503,
        "eps": 0.03625,
        "epsdiluted": 0.03625,
        "weightedAverageShsOut": 605104000,
        "weightedAverageShsOutDil": 605104000,
        "link": "https://www.sec.gov/Archives/edgar/data/796343/000091205796014395/0000912057-96-014395-index.html",
        "finalLink": "https://www.sec.gov/Archives/edgar/data/796343/0000912057-96-014395.txt"
    },
    {
        "date": "1996-03-01",
        "symbol": "ADBE",
        "reportedCurrency": "USD",
        "fillingDate": "1996-04-10 00:00:00",
        "acceptedDate": "1996-04-10 00:00:00",
        "period": "Q1",
        "revenue": 193600000,
        "costOfRevenue": 35200000,
        "grossProfit": 158400000,
        "grossProfitRatio": 0.8181818181818182,
        "researchAndDevelopmentExpenses": 37200000,
        "generalAndAdministrativeExpenses": 78300000,
        "sellingAndMarketingExpenses": 0.0,
        "otherExpenses": 0.0,
        "operatingExpenses": 116100000.00000001,
        "costAndExpenses": 151300000,
        "interestExpense": 11500000,
        "depreciationAndAmortization": 7600000.0,
        "ebitda": 49900000,
        "ebitdaratio": 0.2577479338842975,
        "operatingIncome": 42300000,
        "operatingIncomeRatio": 0.2184917355371901,
        "totalOtherIncomeExpensesNet": 0.0,
        "incomeBeforeTax": 53900000,
        "incomeBeforeTaxRatio": 0.2784090909090909,
        "incomeTaxExpense": 20200000,
        "netIncome": 33700000,
        "netIncomeRatio": 0.1740702479338843,
        "eps": 0.05514,
        "epsdiluted": 0.05514,
        "weightedAverageShsOut": 611200000,
        "weightedAverageShsOutDil": 611200000,
        "link": "https://www.sec.gov/Archives/edgar/data/796343/000091205796006229/0000912057-96-006229-index.html",
        "finalLink": "https://www.sec.gov/Archives/edgar/data/796343/0000912057-96-006229.txt"
    },
    {
        "date": "1995-12-01",
        "symbol": "ADBE",
        "reportedCurrency": "USD",
        "fillingDate": "1996-02-22 00:00:00",
        "acceptedDate": "1996-02-22 00:00:00",
        "period": "Q4",
        "revenue": 200900000,
        "costOfRevenue": 36700000,
        "grossProfit": 164200000,
        "grossProfitRatio": 0.8173220507715281,
        "researchAndDevelopmentExpenses": 39500000,
        "generalAndAdministrativeExpenses": 85800000,
        "sellingAndMarketingExpenses": 0.0,
        "otherExpenses": 0.0,
        "operatingExpenses": 174300000,
        "costAndExpenses": 211000000,
        "interestExpense": 8500000.0,
        "depreciationAndAmortization": 18299999.999999996,
        "ebitda": 8099999.999999996,
        "ebitdaratio": 0.040318566450970615,
        "operatingIncome": -10200000,
        "operatingIncomeRatio": -0.0507715281234445,
        "totalOtherIncomeExpensesNet": 0.0,
        "incomeBeforeTax": -1700000.0,
        "incomeBeforeTaxRatio": -0.008461921353907416,
        "incomeTaxExpense": 10100000,
        "netIncome": -11800000,
        "netIncomeRatio": -0.0587356893977103,
        "eps": -0.01987,
        "epsdiluted": -0.01987,
        "weightedAverageShsOut": 594000000,
        "weightedAverageShsOutDil": 594000000,
        "link": "https://www.sec.gov/Archives/edgar/data/796343/000091205796002896/0000912057-96-002896-index.html",
        "finalLink": "https://www.sec.gov/Archives/edgar/data/796343/0000912057-96-002896.txt"
    },
    {
        "date": "1995-09-01",
        "symbol": "ADBE",
        "reportedCurrency": "USD",
        "fillingDate": "1995-10-12 00:00:00",
        "acceptedDate": "1995-10-12 00:00:00",
        "period": "Q3",
        "revenue": 183100000,
        "costOfRevenue": 27500000,
        "grossProfit": 155600000,
        "grossProfitRatio": 0.849808847624249,
        "researchAndDevelopmentExpenses": 34900000,
        "generalAndAdministrativeExpenses": 73100000,
        "sellingAndMarketingExpenses": 0.0,
        "otherExpenses": 0.0,
        "operatingExpenses": 110600000,
        "costAndExpenses": 138100000,
        "interestExpense": 7400000.0,
        "depreciationAndAmortization": 16100000,
        "ebitda": 61100000,
        "ebitdaratio": 0.3336974330966685,
        "operatingIncome": 45000000,
        "operatingIncomeRatio": 0.24576734025122884,
        "totalOtherIncomeExpensesNet": 0.0,
        "incomeBeforeTax": 52400000,
        "incomeBeforeTaxRatio": 0.2861824139814309,
        "incomeTaxExpense": 18500000,
        "netIncome": 33900000,
        "netIncomeRatio": 0.1851447296559257,
        "eps": 0.05552,
        "epsdiluted": 0.05552,
        "weightedAverageShsOut": 610600000,
        "weightedAverageShsOutDil": 610600000,
        "link": "https://www.sec.gov/Archives/edgar/data/796343/000091205795008502/0000912057-95-008502-index.html",
        "finalLink": "https://www.sec.gov/Archives/edgar/data/796343/0000912057-95-008502.txt"
    },
    {
        "date": "1995-06-02",
        "symbol": "ADBE",
        "reportedCurrency": "USD",
        "fillingDate": "1995-07-17 00:00:00",
        "acceptedDate": "1995-07-17 00:00:00",
        "period": "Q2",
        "revenue": 189500000,
        "costOfRevenue": 32300000,
        "grossProfit": 157200000,
        "grossProfitRatio": 0.8295514511873351,
        "researchAndDevelopmentExpenses": 32800000,
        "generalAndAdministrativeExpenses": 73300000,
        "sellingAndMarketingExpenses": 0.0,
        "otherExpenses": 0.0,
        "operatingExpenses": 109000000.00000001,
        "costAndExpenses": 141300000,
        "interestExpense": 7700000.0,
        "depreciationAndAmortization": 14100000,
        "ebitda": 62300000,
        "ebitdaratio": 0.3287598944591029,
        "operatingIncome": 48200000,
        "operatingIncomeRatio": 0.25435356200527703,
        "totalOtherIncomeExpensesNet": 0.0,
        "incomeBeforeTax": 55900000,
        "incomeBeforeTaxRatio": 0.2949868073878628,
        "incomeTaxExpense": 20700000,
        "netIncome": 35200000,
        "netIncomeRatio": 0.18575197889182057,
        "eps": 0.05841,
        "epsdiluted": 0.05841,
        "weightedAverageShsOut": 602600000,
        "weightedAverageShsOutDil": 602600000,
        "link": "https://www.sec.gov/Archives/edgar/data/796343/000091205795005420/0000912057-95-005420-index.html",
        "finalLink": "https://www.sec.gov/Archives/edgar/data/796343/0000912057-95-005420.txt"
    },
    {
        "date": "1995-03-03",
        "symbol": "ADBE",
        "reportedCurrency": "USD",
        "fillingDate": "1995-04-17 00:00:00",
        "acceptedDate": "1995-04-17 00:00:00",
        "period": "Q1",
        "revenue": 188800000,
        "costOfRevenue": 33900000,
        "grossProfit": 155000000,
        "grossProfitRatio": 0.8209745762711864,
        "researchAndDevelopmentExpenses": 31500000,
        "generalAndAdministrativeExpenses": 69100000,
        "sellingAndMarketingExpenses": 0.0,
        "otherExpenses": 0.0,
        "operatingExpenses": 103400000,
        "costAndExpenses": 137300000,
        "interestExpense": 5700000.0,
        "depreciationAndAmortization": 11900000,
        "ebitda": 63400000,
        "ebitdaratio": 0.3358050847457627,
        "operatingIncome": 51500000,
        "operatingIncomeRatio": 0.2727754237288136,
        "totalOtherIncomeExpensesNet": 0.0,
        "incomeBeforeTax": 57200000,
        "incomeBeforeTaxRatio": 0.3029661016949153,
        "incomeTaxExpense": 21100000,
        "netIncome": 36100000,
        "netIncomeRatio": 0.19120762711864406,
        "eps": 0.06191,
        "epsdiluted": 0.06191,
        "weightedAverageShsOut": 583100000,
        "weightedAverageShsOutDil": 583100000,
        "link": "https://www.sec.gov/Archives/edgar/data/796343/000091205795002477/0000912057-95-002477-index.html",
        "finalLink": "https://www.sec.gov/Archives/edgar/data/796343/0000912057-95-002477.txt"
    },
    {
        "date": "1994-11-30",
        "symbol": "ADBE",
        "reportedCurrency": "USD",
        "fillingDate": "1994-11-30",
        "acceptedDate": "1994-11-30",
        "period": "Q4",
        "revenue": 337700000,
        "costOfRevenue": 46600000,
        "grossProfit": 291100000,
        "grossProfitRatio": 0.8620076991412496,
        "researchAndDevelopmentExpenses": 47800000,
        "generalAndAdministrativeExpenses": 162900000,
        "sellingAndMarketingExpenses": 0.0,
        "otherExpenses": 0.0,
        "operatingExpenses": 246300000,
        "costAndExpenses": 292900000,
        "interestExpense": 0.0,
        "depreciationAndAmortization": 35600000,
        "ebitda": 80400000,
        "ebitdaratio": 0.2380811371039384,
        "operatingIncome": 44800000,
        "operatingIncomeRatio": 0.13266212614746817,
        "totalOtherIncomeExpensesNet": -83400000,
        "incomeBeforeTax": -38500000,
        "incomeBeforeTaxRatio": -0.11400651465798045,
        "incomeTaxExpense": 4500000.0,
        "netIncome": -43000000,
        "netIncomeRatio": -0.12733195143618598,
        "eps": -0.11878453038674033,
        "epsdiluted": -0.11878453038674033,
        "weightedAverageShsOut": 362000000,
        "weightedAverageShsOutDil": 362000000,
        "link": "",
        "finalLink": ""
    },
    {
        "date": "1994-08-31",
        "symbol": "ADBE",
        "reportedCurrency": "USD",
        "fillingDate": "1994-08-31",
        "acceptedDate": "1994-08-31",
        "period": "Q3",
        "revenue": 88400000,
        "costOfRevenue": 7200000.0,
        "grossProfit": 81200000,
        "grossProfitRatio": 0.918552036199095,
        "researchAndDevelopmentExpenses": 17400000,
        "generalAndAdministrativeExpenses": 30500000,
        "sellingAndMarketingExpenses": 0.0,
        "otherExpenses": 0.0,
        "operatingExpenses": 54000000,
        "costAndExpenses": 61200000,
        "interestExpense": 0.0,
        "depreciationAndAmortization": 6100000.0,
        "ebitda": 33300000,
        "ebitdaratio": 0.3766968325791855,
        "operatingIncome": 27200000,
        "operatingIncomeRatio": 0.3076923076923077,
        "totalOtherIncomeExpensesNet": 1600000.0,
        "incomeBeforeTax": 28800000,
        "incomeBeforeTaxRatio": 0.3257918552036199,
        "incomeTaxExpense": 10700000,
        "netIncome": 18100000,
        "netIncomeRatio": 0.20475113122171945,
        "eps": 0.05,
        "epsdiluted": 0.05,
        "weightedAverageShsOut": 362000000,
        "weightedAverageShsOutDil": 362000000,
        "link": "",
        "finalLink": ""
    },
    {
        "date": "1994-05-31",
        "symbol": "ADBE",
        "reportedCurrency": "USD",
        "fillingDate": "1994-05-31",
        "acceptedDate": "1994-05-31",
        "period": "Q2",
        "revenue": 90400000,
        "costOfRevenue": 9800000.0,
        "grossProfit": 80600000,
        "grossProfitRatio": 0.8915929203539823,
        "researchAndDevelopmentExpenses": 17200000,
        "generalAndAdministrativeExpenses": 33100000,
        "sellingAndMarketingExpenses": 0.0,
        "otherExpenses": 0.0,
        "operatingExpenses": 56300000,
        "costAndExpenses": 66100000,
        "interestExpense": 0.0,
        "depreciationAndAmortization": 6000000.0,
        "ebitda": 30300000,
        "ebitdaratio": 0.33517699115044247,
        "operatingIncome": 24300000,
        "operatingIncomeRatio": 0.2688053097345133,
        "totalOtherIncomeExpensesNet": 1400000.0,
        "incomeBeforeTax": 25800000,
        "incomeBeforeTaxRatio": 0.2853982300884956,
        "incomeTaxExpense": 9600000.0,
        "netIncome": 16200000,
        "netIncomeRatio": 0.17920353982300885,
        "eps": 0.045,
        "epsdiluted": 0.045,
        "weightedAverageShsOut": 360000000,
        "weightedAverageShsOutDil": 360000000,
        "link": "",
        "finalLink": ""
    },
    {
        "date": "1994-02-28",
        "symbol": "ADBE",
        "reportedCurrency": "USD",
        "fillingDate": "1994-02-28",
        "acceptedDate": "1994-02-28",
        "period": "Q1",
        "revenue": 81300000,
        "costOfRevenue": 8300000.0,
        "grossProfit": 73000000,
        "grossProfitRatio": 0.897908979089791,
        "researchAndDevelopmentExpenses": 16500000,
        "generalAndAdministrativeExpenses": 28600000,
        "sellingAndMarketingExpenses": 0.0,
        "otherExpenses": 0.0,
        "operatingExpenses": 50600000,
        "costAndExpenses": 58900000,
        "interestExpense": 0.0,
        "depreciationAndAmortization": 5500000.0,
        "ebitda": 27900000,
        "ebitdaratio": 0.34317343173431736,
        "operatingIncome": 22400000,
        "operatingIncomeRatio": 0.27552275522755226,
        "totalOtherIncomeExpensesNet": 1600000.0,
        "incomeBeforeTax": 24000000,
        "incomeBeforeTaxRatio": 0.2952029520295203,
        "incomeTaxExpense": 8900000.0,
        "netIncome": 15100000,
        "netIncomeRatio": 0.1857318573185732,
        "eps": 0.04,
        "epsdiluted": 0.04,
        "weightedAverageShsOut": 377500000,
        "weightedAverageShsOutDil": 377500000,
        "link": "",
        "finalLink": ""
    },
    {
        "date": "1993-11-30",
        "symbol": "ADBE",
        "reportedCurrency": "USD",
        "fillingDate": "1993-11-30",
        "acceptedDate": "1993-11-30",
        "period": "Q4",
        "revenue": 86600000,
        "costOfRevenue": 4300000.0,
        "grossProfit": 82300000,
        "grossProfitRatio": 0.9503464203233256,
        "researchAndDevelopmentExpenses": 0.0,
        "generalAndAdministrativeExpenses": 47900000,
        "sellingAndMarketingExpenses": 0.0,
        "otherExpenses": 0.0,
        "operatingExpenses": 59500000,
        "costAndExpenses": 63800000,
        "interestExpense": 0.0,
        "depreciationAndAmortization": 11600000,
        "ebitda": 34400000,
        "ebitdaratio": 0.3972286374133949,
        "operatingIncome": 22800000,
        "operatingIncomeRatio": 0.2632794457274827,
        "totalOtherIncomeExpensesNet": 900000.0,
        "incomeBeforeTax": 23600000,
        "incomeBeforeTaxRatio": 0.27251732101616627,
        "incomeTaxExpense": 7900000.0,
        "netIncome": 15700000,
        "netIncomeRatio": 0.1812933025404157,
        "eps": 0.04131578947368421,
        "epsdiluted": 0.04131578947368421,
        "weightedAverageShsOut": 380000000,
        "weightedAverageShsOutDil": 380000000,
        "link": "",
        "finalLink": ""
    },
    {
        "date": "1993-08-31",
        "symbol": "ADBE",
        "reportedCurrency": "USD",
        "fillingDate": "1993-08-31",
        "acceptedDate": "1993-08-31",
        "period": "Q3",
        "revenue": 78800000,
        "costOfRevenue": 8300000.0,
        "grossProfit": 70500000,
        "grossProfitRatio": 0.8946700507614214,
        "researchAndDevelopmentExpenses": 0.0,
        "generalAndAdministrativeExpenses": 47300000,
        "sellingAndMarketingExpenses": 0.0,
        "otherExpenses": 0.0,
        "operatingExpenses": 53400000,
        "costAndExpenses": 61700000,
        "interestExpense": 0.0,
        "depreciationAndAmortization": 6100000.0,
        "ebitda": 23200000,
        "ebitdaratio": 0.29441624365482233,
        "operatingIncome": 17100000,
        "operatingIncomeRatio": 0.217005076142132,
        "totalOtherIncomeExpensesNet": 1600000.0,
        "incomeBeforeTax": 18700000,
        "incomeBeforeTaxRatio": 0.23730964467005075,
        "incomeTaxExpense": 7300000.0,
        "netIncome": 11400000,
        "netIncomeRatio": 0.1446700507614213,
        "eps": 0.03,
        "epsdiluted": 0.03,
        "weightedAverageShsOut": 380000000,
        "weightedAverageShsOutDil": 380000000,
        "link": "",
        "finalLink": ""
    },
    {
        "date": "1993-05-31",
        "symbol": "ADBE",
        "reportedCurrency": "USD",
        "fillingDate": "1993-05-31",
        "acceptedDate": "1993-05-31",
        "period": "Q2",
        "revenue": 79600000,
        "costOfRevenue": 9700000.0,
        "grossProfit": 69900000,
        "grossProfitRatio": 0.878140703517588,
        "researchAndDevelopmentExpenses": 0.0,
        "generalAndAdministrativeExpenses": 43700000,
        "sellingAndMarketingExpenses": 0.0,
        "otherExpenses": 0.0,
        "operatingExpenses": 48000000,
        "costAndExpenses": 57700000,
        "interestExpense": 0.0,
        "depreciationAndAmortization": 4300000.0,
        "ebitda": 26200000,
        "ebitdaratio": 0.32914572864321606,
        "operatingIncome": 21900000,
        "operatingIncomeRatio": 0.2751256281407035,
        "totalOtherIncomeExpensesNet": 1700000.0,
        "incomeBeforeTax": 23700000,
        "incomeBeforeTaxRatio": 0.29773869346733667,
        "incomeTaxExpense": 9200000.0,
        "netIncome": 14500000,
        "netIncomeRatio": 0.18216080402010051,
        "eps": 0.04,
        "epsdiluted": 0.04,
        "weightedAverageShsOut": 362500000,
        "weightedAverageShsOutDil": 362500000,
        "link": "",
        "finalLink": ""
    },
    {
        "date": "1993-02-28",
        "symbol": "ADBE",
        "reportedCurrency": "USD",
        "fillingDate": "1993-02-28",
        "acceptedDate": "1993-02-28",
        "period": "Q1",
        "revenue": 68500000,
        "costOfRevenue": 7000000.0,
        "grossProfit": 61500000,
        "grossProfitRatio": 0.8978102189781022,
        "researchAndDevelopmentExpenses": 0.0,
        "generalAndAdministrativeExpenses": 38300000,
        "sellingAndMarketingExpenses": 0.0,
        "otherExpenses": 0.0,
        "operatingExpenses": 42300000,
        "costAndExpenses": 49300000,
        "interestExpense": 0.0,
        "depreciationAndAmortization": 4000000.0,
        "ebitda": 23200000,
        "ebitdaratio": 0.3386861313868613,
        "operatingIncome": 19200000,
        "operatingIncomeRatio": 0.28029197080291973,
        "totalOtherIncomeExpensesNet": 5900000.0,
        "incomeBeforeTax": 25100000,
        "incomeBeforeTaxRatio": 0.36642335766423356,
        "incomeTaxExpense": 9600000.0,
        "netIncome": 15500000,
        "netIncomeRatio": 0.22627737226277372,
        "eps": 0.045,
        "epsdiluted": 0.045,
        "weightedAverageShsOut": 344444444,
        "weightedAverageShsOutDil": 344444444,
        "link": "",
        "finalLink": ""
    },
    {
        "date": "1992-11-30",
        "symbol": "ADBE",
        "reportedCurrency": "USD",
        "fillingDate": "1992-11-30",
        "acceptedDate": "1992-11-30",
        "period": "Q4",
        "revenue": 70700000,
        "costOfRevenue": 7700000.0,
        "grossProfit": 63000000,
        "grossProfitRatio": 0.8910891089108911,
        "researchAndDevelopmentExpenses": 0.0,
        "generalAndAdministrativeExpenses": 33200000,
        "sellingAndMarketingExpenses": 0.0,
        "otherExpenses": 0.0,
        "operatingExpenses": 38100000,
        "costAndExpenses": 45800000,
        "interestExpense": 0.0,
        "depreciationAndAmortization": 4900000.0,
        "ebitda": 29800000,
        "ebitdaratio": 0.4214992927864215,
        "operatingIncome": 24900000,
        "operatingIncomeRatio": 0.3521923620933522,
        "totalOtherIncomeExpensesNet": -11400000,
        "incomeBeforeTax": 13400000,
        "incomeBeforeTaxRatio": 0.18953323903818953,
        "incomeTaxExpense": 5000000.0,
        "netIncome": 8400000.0,
        "netIncomeRatio": 0.1188118811881188,
        "eps": 0.02507462686567164,
        "epsdiluted": 0.02507462686567164,
        "weightedAverageShsOut": 335000000,
        "weightedAverageShsOutDil": 335000000,
        "link": "",
        "finalLink": ""
    },
    {
        "date": "1992-08-31",
        "symbol": "ADBE",
        "reportedCurrency": "USD",
        "fillingDate": "1992-08-31",
        "acceptedDate": "1992-08-31",
        "period": "Q3",
        "revenue": 63000000,
        "costOfRevenue": 6000000.0,
        "grossProfit": 57000000,
        "grossProfitRatio": 0.9047619047619048,
        "researchAndDevelopmentExpenses": 0.0,
        "generalAndAdministrativeExpenses": 43300000,
        "sellingAndMarketingExpenses": 0.0,
        "otherExpenses": 0.0,
        "operatingExpenses": 48500000,
        "costAndExpenses": 54500000,
        "interestExpense": 0.0,
        "depreciationAndAmortization": 5200000.0,
        "ebitda": 13700000,
        "ebitdaratio": 0.21746031746031746,
        "operatingIncome": 8500000.0,
        "operatingIncomeRatio": 0.1349206349206349,
        "totalOtherIncomeExpensesNet": 2100000.0,
        "incomeBeforeTax": 10700000,
        "incomeBeforeTaxRatio": 0.16984126984126985,
        "incomeTaxExpense": 4000000.0,
        "netIncome": 6700000.0,
        "netIncomeRatio": 0.10634920634920635,
        "eps": 0.02,
        "epsdiluted": 0.02,
        "weightedAverageShsOut": 335000000,
        "weightedAverageShsOutDil": 335000000,
        "link": "",
        "finalLink": ""
    },
    {
        "date": "1992-05-31",
        "symbol": "ADBE",
        "reportedCurrency": "USD",
        "fillingDate": "1992-05-31",
        "acceptedDate": "1992-05-31",
        "period": "Q2",
        "revenue": 69600000,
        "costOfRevenue": 19700000,
        "grossProfit": 49900000,
        "grossProfitRatio": 0.7169540229885057,
        "researchAndDevelopmentExpenses": 0.0,
        "generalAndAdministrativeExpenses": 22700000,
        "sellingAndMarketingExpenses": 0.0,
        "otherExpenses": 0.0,
        "operatingExpenses": 27600000,
        "costAndExpenses": 47300000,
        "interestExpense": 0.0,
        "depreciationAndAmortization": 4900000.0,
        "ebitda": 27200000,
        "ebitdaratio": 0.39080459770114945,
        "operatingIncome": 22300000,
        "operatingIncomeRatio": 0.3204022988505747,
        "totalOtherIncomeExpensesNet": 2000000.0,
        "incomeBeforeTax": 24200000,
        "incomeBeforeTaxRatio": 0.34770114942528735,
        "incomeTaxExpense": 9000000.0,
        "netIncome": 15200000,
        "netIncomeRatio": 0.21839080459770116,
        "eps": 0.045,
        "epsdiluted": 0.045,
        "weightedAverageShsOut": 337777778,
        "weightedAverageShsOutDil": 337777778,
        "link": "",
        "finalLink": ""
    },
    {
        "date": "1992-02-29",
        "symbol": "ADBE",
        "reportedCurrency": "USD",
        "fillingDate": "1992-02-29",
        "acceptedDate": "1992-02-29",
        "period": "Q1",
        "revenue": 62600000,
        "costOfRevenue": 18400000,
        "grossProfit": 44200000,
        "grossProfitRatio": 0.7060702875399361,
        "researchAndDevelopmentExpenses": 0.0,
        "generalAndAdministrativeExpenses": 21000000,
        "sellingAndMarketingExpenses": 0.0,
        "otherExpenses": 0.0,
        "operatingExpenses": 25000000,
        "costAndExpenses": 43400000,
        "interestExpense": 0.0,
        "depreciationAndAmortization": 4000000.0,
        "ebitda": 23200000,
        "ebitdaratio": 0.3706070287539936,
        "operatingIncome": 19200000,
        "operatingIncomeRatio": 0.30670926517571884,
        "totalOtherIncomeExpensesNet": 2100000.0,
        "incomeBeforeTax": 21200000,
        "incomeBeforeTaxRatio": 0.33865814696485624,
        "incomeTaxExpense": 7900000.0,
        "netIncome": 13300000,
        "netIncomeRatio": 0.2124600638977636,
        "eps": 0.04,
        "epsdiluted": 0.04,
        "weightedAverageShsOut": 332500000,
        "weightedAverageShsOutDil": 332500000,
        "link": "",
        "finalLink": ""
    },
    {
        "date": "1991-11-30",
        "symbol": "ADBE",
        "reportedCurrency": "USD",
        "fillingDate": "1991-11-30",
        "acceptedDate": "1991-11-30",
        "period": "Q4",
        "revenue": 62800000,
        "costOfRevenue": 17800000,
        "grossProfit": 45000000,
        "grossProfitRatio": 0.7165605095541401,
        "researchAndDevelopmentExpenses": 0.0,
        "generalAndAdministrativeExpenses": 21300000,
        "sellingAndMarketingExpenses": 0.0,
        "otherExpenses": 0.0,
        "operatingExpenses": 25800000,
        "costAndExpenses": 43600000,
        "interestExpense": 0.0,
        "depreciationAndAmortization": 4500000.0,
        "ebitda": 23700000,
        "ebitdaratio": 0.37738853503184716,
        "operatingIncome": 19200000,
        "operatingIncomeRatio": 0.3057324840764331,
        "totalOtherIncomeExpensesNet": 1800000.0,
        "incomeBeforeTax": 20800000,
        "incomeBeforeTaxRatio": 0.33121019108280253,
        "incomeTaxExpense": 7700000.0,
        "netIncome": 13100000,
        "netIncomeRatio": 0.2085987261146497,
        "eps": 0.03582031247201538,
        "epsdiluted": 0.03582031247201538,
        "weightedAverageShsOut": 365714286,
        "weightedAverageShsOutDil": 365714286,
        "link": "",
        "finalLink": ""
    },
    {
        "date": "1991-08-31",
        "symbol": "ADBE",
        "reportedCurrency": "USD",
        "fillingDate": "1991-08-31",
        "acceptedDate": "1991-08-31",
        "period": "Q3",
        "revenue": 57200000,
        "costOfRevenue": 15200000,
        "grossProfit": 42000000,
        "grossProfitRatio": 0.7342657342657343,
        "researchAndDevelopmentExpenses": 0.0,
        "generalAndAdministrativeExpenses": 18800000,
        "sellingAndMarketingExpenses": 0.0,
        "otherExpenses": 0.0,
        "operatingExpenses": 23100000,
        "costAndExpenses": 38300000,
        "interestExpense": 0.0,
        "depreciationAndAmortization": 4300000.0,
        "ebitda": 23200000,
        "ebitdaratio": 0.40559440559440557,
        "operatingIncome": 18900000,
        "operatingIncomeRatio": 0.3304195804195804,
        "totalOtherIncomeExpensesNet": 1400000.0,
        "incomeBeforeTax": 20300000,
        "incomeBeforeTaxRatio": 0.3548951048951049,
        "incomeTaxExpense": 7500000.0,
        "netIncome": 12800000,
        "netIncomeRatio": 0.22377622377622378,
        "eps": 0.035,
        "epsdiluted": 0.035,
        "weightedAverageShsOut": 365714286,
        "weightedAverageShsOutDil": 365714286,
        "link": "",
        "finalLink": ""
    },
    {
        "date": "1991-05-31",
        "symbol": "ADBE",
        "reportedCurrency": "USD",
        "fillingDate": "1991-05-31",
        "acceptedDate": "1991-05-31",
        "period": "Q2",
        "revenue": 57100000,
        "costOfRevenue": 15000000,
        "grossProfit": 42100000,
        "grossProfitRatio": 0.7373029772329247,
        "researchAndDevelopmentExpenses": 0.0,
        "generalAndAdministrativeExpenses": 18000000,
        "sellingAndMarketingExpenses": 0.0,
        "otherExpenses": 0.0,
        "operatingExpenses": 21600000,
        "costAndExpenses": 36600000,
        "interestExpense": 0.0,
        "depreciationAndAmortization": 3600000.0,
        "ebitda": 24100000,
        "ebitdaratio": 0.4220665499124343,
        "operatingIncome": 20500000,
        "operatingIncomeRatio": 0.35901926444833626,
        "totalOtherIncomeExpensesNet": 1500000.0,
        "incomeBeforeTax": 22000000,
        "incomeBeforeTaxRatio": 0.38528896672504376,
        "incomeTaxExpense": 8700000.0,
        "netIncome": 13300000,
        "netIncomeRatio": 0.2329246935201401,
        "eps": 0.04,
        "epsdiluted": 0.04,
        "weightedAverageShsOut": 332500000,
        "weightedAverageShsOutDil": 332500000,
        "link": "",
        "finalLink": ""
    },
    {
        "date": "1991-02-28",
        "symbol": "ADBE",
        "reportedCurrency": "USD",
        "fillingDate": "1991-02-28",
        "acceptedDate": "1991-02-28",
        "period": "Q1",
        "revenue": 52600000,
        "costOfRevenue": 13600000,
        "grossProfit": 39000000,
        "grossProfitRatio": 0.7414448669201521,
        "researchAndDevelopmentExpenses": 0.0,
        "generalAndAdministrativeExpenses": 16700000,
        "sellingAndMarketingExpenses": 0.0,
        "otherExpenses": 0.0,
        "operatingExpenses": 19500000,
        "costAndExpenses": 33100000,
        "interestExpense": 0.0,
        "depreciationAndAmortization": 2800000.0,
        "ebitda": 22300000,
        "ebitdaratio": 0.42395437262357416,
        "operatingIncome": 19500000,
        "operatingIncomeRatio": 0.37072243346007605,
        "totalOtherIncomeExpensesNet": 1000000.0,
        "incomeBeforeTax": 20500000,
        "incomeBeforeTaxRatio": 0.3897338403041825,
        "incomeTaxExpense": 8100000.0,
        "netIncome": 12400000,
        "netIncomeRatio": 0.23574144486692014,
        "eps": 0.035,
        "epsdiluted": 0.035,
        "weightedAverageShsOut": 354285714,
        "weightedAverageShsOutDil": 354285714,
        "link": "",
        "finalLink": ""
    },
    {
        "date": "1990-11-30",
        "symbol": "ADBE",
        "reportedCurrency": "USD",
        "fillingDate": "1990-11-30",
        "acceptedDate": "1990-11-30",
        "period": "Q4",
        "revenue": 53300000,
        "costOfRevenue": 10700000,
        "grossProfit": 42600000,
        "grossProfitRatio": 0.799249530956848,
        "researchAndDevelopmentExpenses": 0.0,
        "generalAndAdministrativeExpenses": 18400000,
        "sellingAndMarketingExpenses": 0.0,
        "otherExpenses": 0.0,
        "operatingExpenses": 24400000,
        "costAndExpenses": 35100000,
        "interestExpense": 0.0,
        "depreciationAndAmortization": 6000000.0,
        "ebitda": 24200000,
        "ebitdaratio": 0.4540337711069418,
        "operatingIncome": 18200000,
        "operatingIncomeRatio": 0.34146341463414637,
        "totalOtherIncomeExpensesNet": 1400000.0,
        "incomeBeforeTax": 19700000,
        "incomeBeforeTaxRatio": 0.3696060037523452,
        "incomeTaxExpense": 7600000.0,
        "netIncome": 12100000,
        "netIncomeRatio": 0.2270168855534709,
        "eps": 0.0363000000363,
        "epsdiluted": 0.0363000000363,
        "weightedAverageShsOut": 333333333,
        "weightedAverageShsOutDil": 333333333,
        "link": "",
        "finalLink": ""
    },
    {
        "date": "1990-08-31",
        "symbol": "ADBE",
        "reportedCurrency": "USD",
        "fillingDate": "1990-08-31",
        "acceptedDate": "1990-08-31",
        "period": "Q3",
        "revenue": 42800000,
        "costOfRevenue": 11600000,
        "grossProfit": 31200000,
        "grossProfitRatio": 0.7289719626168224,
        "researchAndDevelopmentExpenses": 0.0,
        "generalAndAdministrativeExpenses": 14000000,
        "sellingAndMarketingExpenses": 0.0,
        "otherExpenses": 0.0,
        "operatingExpenses": 15800000,
        "costAndExpenses": 27400000,
        "interestExpense": 0.0,
        "depreciationAndAmortization": 1800000.0,
        "ebitda": 17200000,
        "ebitdaratio": 0.40186915887850466,
        "operatingIncome": 15400000,
        "operatingIncomeRatio": 0.3598130841121495,
        "totalOtherIncomeExpensesNet": 1000000.0,
        "incomeBeforeTax": 16400000,
        "incomeBeforeTaxRatio": 0.38317757009345793,
        "incomeTaxExpense": 6400000.0,
        "netIncome": 10000000,
        "netIncomeRatio": 0.2336448598130841,
        "eps": 0.03,
        "epsdiluted": 0.03,
        "weightedAverageShsOut": 333333333,
        "weightedAverageShsOutDil": 333333333,
        "link": "",
        "finalLink": ""
    },
    {
        "date": "1990-05-31",
        "symbol": "ADBE",
        "reportedCurrency": "USD",
        "fillingDate": "1990-05-31",
        "acceptedDate": "1990-05-31",
        "period": "Q2",
        "revenue": 35300000,
        "costOfRevenue": 8400000.0,
        "grossProfit": 26900000,
        "grossProfitRatio": 0.7620396600566572,
        "researchAndDevelopmentExpenses": 0.0,
        "generalAndAdministrativeExpenses": 13100000,
        "sellingAndMarketingExpenses": 0.0,
        "otherExpenses": 0.0,
        "operatingExpenses": 14800000,
        "costAndExpenses": 23200000,
        "interestExpense": 0.0,
        "depreciationAndAmortization": 1700000.0,
        "ebitda": 13800000,
        "ebitdaratio": 0.3909348441926346,
        "operatingIncome": 12100000,
        "operatingIncomeRatio": 0.34277620396600567,
        "totalOtherIncomeExpensesNet": 900000.0,
        "incomeBeforeTax": 13000000,
        "incomeBeforeTaxRatio": 0.36827195467422097,
        "incomeTaxExpense": 5100000.0,
        "netIncome": 7900000.0,
        "netIncomeRatio": 0.2237960339943343,
        "eps": 0.025,
        "epsdiluted": 0.025,
        "weightedAverageShsOut": 316000000,
        "weightedAverageShsOutDil": 316000000,
        "link": "",
        "finalLink": ""
    },
    {
        "date": "1990-02-28",
        "symbol": "ADBE",
        "reportedCurrency": "USD",
        "fillingDate": "1990-02-28",
        "acceptedDate": "1990-02-28",
        "period": "Q1",
        "revenue": 37200000,
        "costOfRevenue": 8700000.0,
        "grossProfit": 28500000,
        "grossProfitRatio": 0.7661290322580645,
        "researchAndDevelopmentExpenses": 0.0,
        "generalAndAdministrativeExpenses": 10600000,
        "sellingAndMarketingExpenses": 0.0,
        "otherExpenses": 0.0,
        "operatingExpenses": 12200000,
        "costAndExpenses": 20900000,
        "interestExpense": 0.0,
        "depreciationAndAmortization": 1600000.0,
        "ebitda": 17900000,
        "ebitdaratio": 0.48118279569892475,
        "operatingIncome": 16300000,
        "operatingIncomeRatio": 0.4381720430107527,
        "totalOtherIncomeExpensesNet": 900000.0,
        "incomeBeforeTax": 17200000,
        "incomeBeforeTaxRatio": 0.46236559139784944,
        "incomeTaxExpense": 7100000.0,
        "netIncome": 10100000,
        "netIncomeRatio": 0.271505376344086,
        "eps": 0.03,
        "epsdiluted": 0.03,
        "weightedAverageShsOut": 336666667,
        "weightedAverageShsOutDil": 336666667,
        "link": "",
        "finalLink": ""
    },
    {
        "date": "1989-11-30",
        "symbol": "ADBE",
        "reportedCurrency": "USD",
        "fillingDate": "1989-11-30",
        "acceptedDate": "1989-11-30",
        "period": "Q4",
        "revenue": 37700000,
        "costOfRevenue": 4600000.0,
        "grossProfit": 33100000,
        "grossProfitRatio": 0.8779840848806366,
        "researchAndDevelopmentExpenses": 0.0,
        "generalAndAdministrativeExpenses": 16300000,
        "sellingAndMarketingExpenses": 0.0,
        "otherExpenses": 0.0,
        "operatingExpenses": 17800000,
        "costAndExpenses": 22400000,
        "interestExpense": 0.0,
        "depreciationAndAmortization": 1500000.0,
        "ebitda": 16800000,
        "ebitdaratio": 0.44562334217506633,
        "operatingIncome": 15300000,
        "operatingIncomeRatio": 0.40583554376657827,
        "totalOtherIncomeExpensesNet": 800000.0,
        "incomeBeforeTax": 16100000,
        "incomeBeforeTaxRatio": 0.4270557029177719,
        "incomeTaxExpense": 6100000.0,
        "netIncome": 10000000,
        "netIncomeRatio": 0.26525198938992045,
        "eps": 0.032967033003260475,
        "epsdiluted": 0.032967033003260475,
        "weightedAverageShsOut": 303333333,
        "weightedAverageShsOutDil": 303333333,
        "link": "",
        "finalLink": ""
    },
    {
        "date": "1989-08-31",
        "symbol": "ADBE",
        "reportedCurrency": "USD",
        "fillingDate": "1989-08-31",
        "acceptedDate": "1989-08-31",
        "period": "Q3",
        "revenue": 30000000,
        "costOfRevenue": 2800000.0,
        "grossProfit": 27200000,
        "grossProfitRatio": 0.9066666666666666,
        "researchAndDevelopmentExpenses": 0.0,
        "generalAndAdministrativeExpenses": 12600000,
        "sellingAndMarketingExpenses": 0.0,
        "otherExpenses": 0.0,
        "operatingExpenses": 14100000,
        "costAndExpenses": 16900000,
        "interestExpense": 0.0,
        "depreciationAndAmortization": 1500000.0,
        "ebitda": 14600000,
        "ebitdaratio": 0.4866666666666667,
        "operatingIncome": 13100000,
        "operatingIncomeRatio": 0.43666666666666665,
        "totalOtherIncomeExpensesNet": 900000.0,
        "incomeBeforeTax": 14000000,
        "incomeBeforeTaxRatio": 0.4666666666666667,
        "incomeTaxExpense": 4900000.0,
        "netIncome": 9100000.0,
        "netIncomeRatio": 0.30333333333333334,
        "eps": 0.03,
        "epsdiluted": 0.03,
        "weightedAverageShsOut": 303333333,
        "weightedAverageShsOutDil": 303333333,
        "link": "",
        "finalLink": ""
    },
    {
        "date": "1989-05-31",
        "symbol": "ADBE",
        "reportedCurrency": "USD",
        "fillingDate": "1989-05-31",
        "acceptedDate": "1989-05-31",
        "period": "Q2",
        "revenue": 28100000,
        "costOfRevenue": 3500000.0,
        "grossProfit": 24600000,
        "grossProfitRatio": 0.8754448398576512,
        "researchAndDevelopmentExpenses": 0.0,
        "generalAndAdministrativeExpenses": 11200000,
        "sellingAndMarketingExpenses": 0.0,
        "otherExpenses": 0.0,
        "operatingExpenses": 12500000,
        "costAndExpenses": 16000000,
        "interestExpense": 0.0,
        "depreciationAndAmortization": 0.0,
        "ebitda": 12500000,
        "ebitdaratio": 0.44483985765124556,
        "operatingIncome": 12100000,
        "operatingIncomeRatio": 0.4306049822064057,
        "totalOtherIncomeExpensesNet": 900000.0,
        "incomeBeforeTax": 13000000,
        "incomeBeforeTaxRatio": 0.4626334519572954,
        "incomeTaxExpense": 5400000.0,
        "netIncome": 7600000.0,
        "netIncomeRatio": 0.2704626334519573,
        "eps": 0.025,
        "epsdiluted": 0.025,
        "weightedAverageShsOut": 304000000,
        "weightedAverageShsOutDil": 304000000,
        "link": "",
        "finalLink": ""
    },
    {
        "date": "1989-02-28",
        "symbol": "ADBE",
        "reportedCurrency": "USD",
        "fillingDate": "1989-02-28",
        "acceptedDate": "1989-02-28",
        "period": "Q1",
        "revenue": 25500000,
        "costOfRevenue": 0.0,
        "grossProfit": 0.0,
        "grossProfitRatio": 0.0,
        "researchAndDevelopmentExpenses": 0.0,
        "generalAndAdministrativeExpenses": 0.0,
        "sellingAndMarketingExpenses": 0.0,
        "otherExpenses": 0.0,
        "operatingExpenses": 0.0,
        "costAndExpenses": 0.0,
        "interestExpense": 0.0,
        "depreciationAndAmortization": 0.0,
        "ebitda": 25500000,
        "ebitdaratio": 1.0,
        "operatingIncome": 25500000,
        "operatingIncomeRatio": 1.0,
        "totalOtherIncomeExpensesNet": 0.0,
        "incomeBeforeTax": 0.0,
        "incomeBeforeTaxRatio": 0.0,
        "incomeTaxExpense": 0.0,
        "netIncome": 0.0,
        "netIncomeRatio": 0.0,
        "eps": 0.02,
        "epsdiluted": 0.02,
        "weightedAverageShsOut": 328832000,
        "weightedAverageShsOutDil": 328832000,
        "link": "",
        "finalLink": ""
    },
    {
        "date": "1988-11-30",
        "symbol": "ADBE",
        "reportedCurrency": "USD",
        "fillingDate": "1988-11-30",
        "acceptedDate": "1988-11-30",
        "period": "Q4",
        "revenue": 25300000,
        "costOfRevenue": 0.0,
        "grossProfit": 0.0,
        "grossProfitRatio": 0.0,
        "researchAndDevelopmentExpenses": 0.0,
        "generalAndAdministrativeExpenses": 0.0,
        "sellingAndMarketingExpenses": 0.0,
        "otherExpenses": 0.0,
        "operatingExpenses": 0.0,
        "costAndExpenses": 0.0,
        "interestExpense": 0.0,
        "depreciationAndAmortization": 0.0,
        "ebitda": -24000000,
        "ebitdaratio": -0.9486166007905138,
        "operatingIncome": -24000000,
        "operatingIncomeRatio": -0.9486166007905138,
        "totalOtherIncomeExpensesNet": 0.0,
        "incomeBeforeTax": 0.0,
        "incomeBeforeTaxRatio": 0.0,
        "incomeTaxExpense": 0.0,
        "netIncome": 0.0,
        "netIncomeRatio": 0.0,
        "eps": 0.0,
        "epsdiluted": 0.0,
        "weightedAverageShsOut": 328832000,
        "weightedAverageShsOutDil": 328832000,
        "link": "",
        "finalLink": ""
    },
    {
        "date": "1988-08-31",
        "symbol": "ADBE",
        "reportedCurrency": "USD",
        "fillingDate": "1988-08-31",
        "acceptedDate": "1988-08-31",
        "period": "Q3",
        "revenue": 25200000,
        "costOfRevenue": 0.0,
        "grossProfit": 0.0,
        "grossProfitRatio": 0.0,
        "researchAndDevelopmentExpenses": 0.0,
        "generalAndAdministrativeExpenses": 0.0,
        "sellingAndMarketingExpenses": 0.0,
        "otherExpenses": 0.0,
        "operatingExpenses": 0.0,
        "costAndExpenses": 0.0,
        "interestExpense": 0.0,
        "depreciationAndAmortization": 0.0,
        "ebitda": 25200000,
        "ebitdaratio": 1.0,
        "operatingIncome": 25200000,
        "operatingIncomeRatio": 1.0,
        "totalOtherIncomeExpensesNet": 0.0,
        "incomeBeforeTax": 0.0,
        "incomeBeforeTaxRatio": 0.0,
        "incomeTaxExpense": 0.0,
        "netIncome": 0.0,
        "netIncomeRatio": 0.0,
        "eps": 0.02,
        "epsdiluted": 0.02,
        "weightedAverageShsOut": 328832000,
        "weightedAverageShsOutDil": 328832000,
        "link": "",
        "finalLink": ""
    },
    {
        "date": "1988-05-31",
        "symbol": "ADBE",
        "reportedCurrency": "USD",
        "fillingDate": "1988-05-31",
        "acceptedDate": "1988-05-31",
        "period": "Q2",
        "revenue": 18800000,
        "costOfRevenue": 0.0,
        "grossProfit": 0.0,
        "grossProfitRatio": 0.0,
        "researchAndDevelopmentExpenses": 0.0,
        "generalAndAdministrativeExpenses": 0.0,
        "sellingAndMarketingExpenses": 0.0,
        "otherExpenses": 0.0,
        "operatingExpenses": 0.0,
        "costAndExpenses": 0.0,
        "interestExpense": 0.0,
        "depreciationAndAmortization": 0.0,
        "ebitda": 18800000,
        "ebitdaratio": 1.0,
        "operatingIncome": 18800000,
        "operatingIncomeRatio": 1.0,
        "totalOtherIncomeExpensesNet": 0.0,
        "incomeBeforeTax": 0.0,
        "incomeBeforeTaxRatio": 0.0,
        "incomeTaxExpense": 0.0,
        "netIncome": 0.0,
        "netIncomeRatio": 0.0,
        "eps": 0.015,
        "epsdiluted": 0.015,
        "weightedAverageShsOut": 327648000,
        "weightedAverageShsOutDil": 327648000,
        "link": "",
        "finalLink": ""
    },
    {
        "date": "1988-02-29",
        "symbol": "ADBE",
        "reportedCurrency": "USD",
        "fillingDate": "1988-02-29",
        "acceptedDate": "1988-02-29",
        "period": "Q1",
        "revenue": 14200000,
        "costOfRevenue": 0.0,
        "grossProfit": 0.0,
        "grossProfitRatio": 0.0,
        "researchAndDevelopmentExpenses": 0.0,
        "generalAndAdministrativeExpenses": 0.0,
        "sellingAndMarketingExpenses": 0.0,
        "otherExpenses": 0.0,
        "operatingExpenses": 0.0,
        "costAndExpenses": 0.0,
        "interestExpense": 0.0,
        "depreciationAndAmortization": 0.0,
        "ebitda": 14200000,
        "ebitdaratio": 1.0,
        "operatingIncome": 14200000,
        "operatingIncomeRatio": 1.0,
        "totalOtherIncomeExpensesNet": 0.0,
        "incomeBeforeTax": 0.0,
        "incomeBeforeTaxRatio": 0.0,
        "incomeTaxExpense": 0.0,
        "netIncome": 0.0,
        "netIncomeRatio": 0.0,
        "eps": 0.015,
        "epsdiluted": 0.015,
        "weightedAverageShsOut": 326240000,
        "weightedAverageShsOutDil": 326240000,
        "link": "",
        "finalLink": ""
    },
    {
        "date": "1987-11-30",
        "symbol": "ADBE",
        "reportedCurrency": "USD",
        "fillingDate": "1987-11-30",
        "acceptedDate": "1987-11-30",
        "period": "Q4",
        "revenue": 12300000,
        "costOfRevenue": 0.0,
        "grossProfit": 0.0,
        "grossProfitRatio": 0.0,
        "researchAndDevelopmentExpenses": 0.0,
        "generalAndAdministrativeExpenses": 0.0,
        "sellingAndMarketingExpenses": 0.0,
        "otherExpenses": 0.0,
        "operatingExpenses": 0.0,
        "costAndExpenses": 0.0,
        "interestExpense": 0.0,
        "depreciationAndAmortization": 0.0,
        "ebitda": -10900000,
        "ebitdaratio": -0.8861788617886179,
        "operatingIncome": -10900000,
        "operatingIncomeRatio": -0.8861788617886179,
        "totalOtherIncomeExpensesNet": 0.0,
        "incomeBeforeTax": 0.0,
        "incomeBeforeTaxRatio": 0.0,
        "incomeTaxExpense": 0.0,
        "netIncome": 0.0,
        "netIncomeRatio": 0.0,
        "eps": 0.0,
        "epsdiluted": 0.0,
        "weightedAverageShsOut": 336864000,
        "weightedAverageShsOutDil": 336864000,
        "link": "",
        "finalLink": ""
    },
    {
        "date": "1987-08-31",
        "symbol": "ADBE",
        "reportedCurrency": "USD",
        "fillingDate": "1987-08-31",
        "acceptedDate": "1987-08-31",
        "period": "Q3",
        "revenue": 10600000,
        "costOfRevenue": 0.0,
        "grossProfit": 0.0,
        "grossProfitRatio": 0.0,
        "researchAndDevelopmentExpenses": 0.0,
        "generalAndAdministrativeExpenses": 0.0,
        "sellingAndMarketingExpenses": 0.0,
        "otherExpenses": 0.0,
        "operatingExpenses": 0.0,
        "costAndExpenses": 0.0,
        "interestExpense": 0.0,
        "depreciationAndAmortization": 0.0,
        "ebitda": 10600000,
        "ebitdaratio": 1.0,
        "operatingIncome": 10600000,
        "operatingIncomeRatio": 1.0,
        "totalOtherIncomeExpensesNet": 0.0,
        "incomeBeforeTax": 0.0,
        "incomeBeforeTaxRatio": 0.0,
        "incomeTaxExpense": 0.0,
        "netIncome": 0.0,
        "netIncomeRatio": 0.0,
        "eps": 0.01,
        "epsdiluted": 0.01,
        "weightedAverageShsOut": 336864000,
        "weightedAverageShsOutDil": 336864000,
        "link": "",
        "finalLink": ""
    },
    {
        "date": "1987-05-31",
        "symbol": "ADBE",
        "reportedCurrency": "USD",
        "fillingDate": "1987-05-31",
        "acceptedDate": "1987-05-31",
        "period": "Q2",
        "revenue": 9600000.0,
        "costOfRevenue": 0.0,
        "grossProfit": 0.0,
        "grossProfitRatio": 0.0,
        "researchAndDevelopmentExpenses": 0.0,
        "generalAndAdministrativeExpenses": 0.0,
        "sellingAndMarketingExpenses": 0.0,
        "otherExpenses": 0.0,
        "operatingExpenses": 0.0,
        "costAndExpenses": 0.0,
        "interestExpense": 0.0,
        "depreciationAndAmortization": 0.0,
        "ebitda": 9600000.0,
        "ebitdaratio": 1.0,
        "operatingIncome": 9600000.0,
        "operatingIncomeRatio": 1.0,
        "totalOtherIncomeExpensesNet": 0.0,
        "incomeBeforeTax": 0.0,
        "incomeBeforeTaxRatio": 0.0,
        "incomeTaxExpense": 0.0,
        "netIncome": 0.0,
        "netIncomeRatio": 0.0,
        "eps": 0.01,
        "epsdiluted": 0.01,
        "weightedAverageShsOut": 337408000,
        "weightedAverageShsOutDil": 337408000,
        "link": "",
        "finalLink": ""
    },
    {
        "date": "1987-02-28",
        "symbol": "ADBE",
        "reportedCurrency": "USD",
        "fillingDate": "1987-02-28",
        "acceptedDate": "1987-02-28",
        "period": "Q1",
        "revenue": 6900000.0,
        "costOfRevenue": 0.0,
        "grossProfit": 0.0,
        "grossProfitRatio": 0.0,
        "researchAndDevelopmentExpenses": 0.0,
        "generalAndAdministrativeExpenses": 0.0,
        "sellingAndMarketingExpenses": 0.0,
        "otherExpenses": 0.0,
        "operatingExpenses": 0.0,
        "costAndExpenses": 0.0,
        "interestExpense": 0.0,
        "depreciationAndAmortization": 0.0,
        "ebitda": 6900000.0,
        "ebitdaratio": 1.0,
        "operatingIncome": 6900000.0,
        "operatingIncomeRatio": 1.0,
        "totalOtherIncomeExpensesNet": 0.0,
        "incomeBeforeTax": 0.0,
        "incomeBeforeTaxRatio": 0.0,
        "incomeTaxExpense": 0.0,
        "netIncome": 0.0,
        "netIncomeRatio": 0.0,
        "eps": 0.005,
        "epsdiluted": 0.005,
        "weightedAverageShsOut": 330432000,
        "weightedAverageShsOutDil": 330432000,
        "link": "",
        "finalLink": ""
    },
    {
        "date": "1986-11-30",
        "symbol": "ADBE",
        "reportedCurrency": "USD",
        "fillingDate": "1986-11-30",
        "acceptedDate": "1986-11-30",
        "period": "Q4",
        "revenue": 5300000.0,
        "costOfRevenue": 0.0,
        "grossProfit": 0.0,
        "grossProfitRatio": 0.0,
        "researchAndDevelopmentExpenses": 0.0,
        "generalAndAdministrativeExpenses": 0.0,
        "sellingAndMarketingExpenses": 0.0,
        "otherExpenses": 0.0,
        "operatingExpenses": 0.0,
        "costAndExpenses": 0.0,
        "interestExpense": 0.0,
        "depreciationAndAmortization": 0.0,
        "ebitda": -3900000.0,
        "ebitdaratio": -0.7358490566037735,
        "operatingIncome": -3900000.0,
        "operatingIncomeRatio": -0.7358490566037735,
        "totalOtherIncomeExpensesNet": 0.0,
        "incomeBeforeTax": 0.0,
        "incomeBeforeTaxRatio": 0.0,
        "incomeTaxExpense": 0.0,
        "netIncome": 0.0,
        "netIncomeRatio": 0.0,
        "eps": 0.0,
        "epsdiluted": 0.0,
        "weightedAverageShsOut": 324928000,
        "weightedAverageShsOutDil": 324928000,
        "link": "",
        "finalLink": ""
    },
    {
        "date": "1986-08-31",
        "symbol": "ADBE",
        "reportedCurrency": "USD",
        "fillingDate": "1986-08-31",
        "acceptedDate": "1986-08-31",
        "period": "Q3",
        "revenue": 4900000.0,
        "costOfRevenue": 0.0,
        "grossProfit": 0.0,
        "grossProfitRatio": 0.0,
        "researchAndDevelopmentExpenses": 0.0,
        "generalAndAdministrativeExpenses": 0.0,
        "sellingAndMarketingExpenses": 0.0,
        "otherExpenses": 0.0,
        "operatingExpenses": 0.0,
        "costAndExpenses": 0.0,
        "interestExpense": 0.0,
        "depreciationAndAmortization": 0.0,
        "ebitda": 4900000.0,
        "ebitdaratio": 1.0,
        "operatingIncome": 4900000.0,
        "operatingIncomeRatio": 1.0,
        "totalOtherIncomeExpensesNet": 0.0,
        "incomeBeforeTax": 0.0,
        "incomeBeforeTaxRatio": 0.0,
        "incomeTaxExpense": 0.0,
        "netIncome": 0.0,
        "netIncomeRatio": 0.0,
        "eps": 0.005,
        "epsdiluted": 0.005,
        "weightedAverageShsOut": 324928000,
        "weightedAverageShsOutDil": 324928000,
        "link": "",
        "finalLink": ""
    },
    {
        "date": "1986-05-31",
        "symbol": "ADBE",
        "reportedCurrency": "USD",
        "fillingDate": "1986-05-31",
        "acceptedDate": "1986-05-31",
        "period": "Q2",
        "revenue": 3500000.0,
        "costOfRevenue": 0.0,
        "grossProfit": 0.0,
        "grossProfitRatio": 0.0,
        "researchAndDevelopmentExpenses": 0.0,
        "generalAndAdministrativeExpenses": 0.0,
        "sellingAndMarketingExpenses": 0.0,
        "otherExpenses": 0.0,
        "operatingExpenses": 0.0,
        "costAndExpenses": 0.0,
        "interestExpense": 0.0,
        "depreciationAndAmortization": 0.0,
        "ebitda": 3500000.0,
        "ebitdaratio": 1.0,
        "operatingIncome": 3500000.0,
        "operatingIncomeRatio": 1.0,
        "totalOtherIncomeExpensesNet": 0.0,
        "incomeBeforeTax": 0.0,
        "incomeBeforeTaxRatio": 0.0,
        "incomeTaxExpense": 0.0,
        "netIncome": 0.0,
        "netIncomeRatio": 0.0,
        "eps": 0.005,
        "epsdiluted": 0.005,
        "weightedAverageShsOut": 329260265,
        "weightedAverageShsOutDil": 329260265,
        "link": "",
        "finalLink": ""
    },
    {
        "date": "1986-02-28",
        "symbol": "ADBE",
        "reportedCurrency": "USD",
        "fillingDate": "1986-02-28",
        "acceptedDate": "1986-02-28",
        "period": "Q1",
        "revenue": 2400000.0,
        "costOfRevenue": 0.0,
        "grossProfit": 0.0,
        "grossProfitRatio": 0.0,
        "researchAndDevelopmentExpenses": 0.0,
        "generalAndAdministrativeExpenses": 0.0,
        "sellingAndMarketingExpenses": 0.0,
        "otherExpenses": 0.0,
        "operatingExpenses": 0.0,
        "costAndExpenses": 0.0,
        "interestExpense": 0.0,
        "depreciationAndAmortization": 0.0,
        "ebitda": 2400000.0,
        "ebitdaratio": 1.0,
        "operatingIncome": 2400000.0,
        "operatingIncomeRatio": 1.0,
        "totalOtherIncomeExpensesNet": 0.0,
        "incomeBeforeTax": 0.0,
        "incomeBeforeTaxRatio": 0.0,
        "incomeTaxExpense": 0.0,
        "netIncome": 0.0,
        "netIncomeRatio": 0.0,
        "eps": 0.005,
        "epsdiluted": 0.005,
        "weightedAverageShsOut": 329260265,
        "weightedAverageShsOutDil": 329260265,
        "link": "",
        "finalLink": ""
    }
]