[
    {
        "date": "2020-12-31",
        "symbol": "AMZN",
        "reportedCurrency": "USD",
        "fillingDate": "2021-02-03",
        "acceptedDate": "2021-02-02 19:44:10",
        "period": "Q4",
        "revenue": 125555000000,
        "costOfRevenue": 97758000000,
        "grossProfit": 27797000000,
        "grossProfitRatio": 0.22139301501334077,
        "researchAndDevelopmentExpenses": 12049000000,
        "generalAndAdministrativeExpenses": 1968000000,
        "sellingAndMarketingExpenses": 7403000000,
        "otherExpenses": 1206000000,
        "operatingExpenses": 20924000000,
        "costAndExpenses": 118682000000,
        "interestExpense": 414000000,
        "depreciationAndAmortization": 7618000000,
        "ebitda": 14491000000,
        "ebitdaratio": 0.11541555493608378,
        "operatingIncome": 6873000000,
        "operatingIncomeRatio": 0.05474095018119549,
        "totalOtherIncomeExpensesNet": 1206000000,
        "incomeBeforeTax": 7765000000,
        "incomeBeforeTaxRatio": 0.06184540639560352,
        "incomeTaxExpense": 565000000,
        "netIncome": 7222000000,
        "netIncomeRatio": 0.05752060849826769,
        "eps": 14.38,
        "epsdiluted": 14.09,
        "weightedAverageShsOut": 501000000,
        "weightedAverageShsOutDil": 513000000,
        "link": "https://www.sec.gov/Archives/edgar/data/1018724/000101872421000004/0001018724-21-000004-index.htm",
        "finalLink": "https://www.sec.gov/Archives/edgar/data/1018724/000101872421000004/amzn-20201231.htm"
    },
    {
        "date": "2020-09-30",
        "symbol": "AMZN",
        "reportedCurrency": "USD",
        "fillingDate": "2020-10-30",
        "acceptedDate": "2020-10-29 19:08:00",
        "period": "Q3",
        "revenue": 96145000000,
        "costOfRevenue": 71811000000,
        "grossProfit": 24334000000,
        "grossProfitRatio": 0.25309688491341203,
        "researchAndDevelopmentExpenses": 10976000000,
        "generalAndAdministrativeExpenses": 1668000000,
        "sellingAndMarketingExpenses": 5434000000,
        "otherExpenses": 925000000,
        "operatingExpenses": 18140000000,
        "costAndExpenses": 89951000000,
        "interestExpense": 428000000,
        "depreciationAndAmortization": 6523000000,
        "ebitda": 12717000000,
        "ebitdaratio": 0.13226896874512456,
        "operatingIncome": 6194000000,
        "operatingIncomeRatio": 0.06442352696448073,
        "totalOtherIncomeExpensesNet": 925000000,
        "incomeBeforeTax": 6809000000,
        "incomeBeforeTaxRatio": 0.07082011545062146,
        "incomeTaxExpense": 569000000,
        "netIncome": 6331000000,
        "netIncomeRatio": 0.06584845805814135,
        "eps": 12.63,
        "epsdiluted": 12.37,
        "weightedAverageShsOut": 500000000,
        "weightedAverageShsOutDil": 512000000,
        "link": "https://www.sec.gov/Archives/edgar/data/1018724/000101872420000030/0001018724-20-000030-index.htm",
        "finalLink": "https://www.sec.gov/Archives/edgar/data/1018724/000101872420000030/amzn-20200930.htm"
    },
    {
        "date": "2020-06-30",
        "symbol": "AMZN",
        "reportedCurrency": "USD",
        "fillingDate": "2020-07-31",
        "acceptedDate": "2020-07-30 20:00:55",
        "period": "Q2",
        "revenue": 88912000000,
        "costOfRevenue": 66466000000,
        "grossProfit": 22446000000,
        "grossProfitRatio": 0.2524518625157459,
        "researchAndDevelopmentExpenses": 10388000000,
        "generalAndAdministrativeExpenses": 1580000000,
        "sellingAndMarketingExpenses": 4345000000,
        "otherExpenses": 646000000,
        "operatingExpenses": 16603000000,
        "costAndExpenses": 83069000000,
        "interestExpense": 403000000,
        "depreciationAndAmortization": 5748000000,
        "ebitda": 11591000000,
        "ebitdaratio": 0.13036485513766422,
        "operatingIncome": 5843000000,
        "operatingIncomeRatio": 0.06571666366744647,
        "totalOtherIncomeExpensesNet": 646000000,
        "incomeBeforeTax": 6221000000,
        "incomeBeforeTaxRatio": 0.06996805830484074,
        "incomeTaxExpense": 984000000,
        "netIncome": 5243000000,
        "netIncomeRatio": 0.05896841821126507,
        "eps": 10.5,
        "epsdiluted": 10.3,
        "weightedAverageShsOut": 498000000,
        "weightedAverageShsOutDil": 509000000,
        "link": "https://www.sec.gov/Archives/edgar/data/1018724/000101872420000021/0001018724-20-000021-index.htm",
        "finalLink": "https://www.sec.gov/Archives/edgar/data/1018724/000101872420000021/amzn-20200630.htm"
    },
    {
        "date": "2020-03-31",
        "symbol": "AMZN",
        "reportedCurrency": "USD",
        "fillingDate": "2020-05-01 00:00:00",
        "acceptedDate": "2020-04-30 19:23:48",
        "period": "Q1",
        "revenue": 75452000000,
        "costOfRevenue": 55788000000,
        "grossProfit": 19664000000,
        "grossProfitRatio": 0.26061602078142393,
        "researchAndDevelopmentExpenses": 9325000000,
        "generalAndAdministrativeExpenses": 1452000000,
        "sellingAndMarketingExpenses": 4828000000,
        "otherExpenses": -406000000,
        "operatingExpenses": 15675000000,
        "costAndExpenses": 71463000000,
        "interestExpense": 402000000,
        "depreciationAndAmortization": 5362000000,
        "ebitda": 9351000000,
        "ebitdaratio": 0.12393309653819647,
        "operatingIncome": 3989000000,
        "operatingIncomeRatio": 0.052868048560674334,
        "totalOtherIncomeExpensesNet": -406000000,
        "incomeBeforeTax": 3383000000,
        "incomeBeforeTaxRatio": 0.04483645231405397,
        "incomeTaxExpense": 744000000,
        "netIncome": 2535000000,
        "netIncomeRatio": 0.03359751895244659,
        "eps": 5.09,
        "epsdiluted": 5.01,
        "weightedAverageShsOut": 496000000,
        "weightedAverageShsOutDil": 506000000,
        "link": "https://www.sec.gov/Archives/edgar/data/1018724/000101872420000010/0001018724-20-000010-index.html",
        "finalLink": "https://www.sec.gov/Archives/edgar/data/1018724/000101872420000010/amzn-20200331x10q.htm"
    },
    {
        "date": "2019-12-31",
        "symbol": "AMZN",
        "reportedCurrency": "USD",
        "fillingDate": "2020-01-31 00:00:00",
        "acceptedDate": "2020-01-30 20:46:13",
        "period": "Q4",
        "revenue": 87436000000,
        "costOfRevenue": 66169000000,
        "grossProfit": 21267000000,
        "grossProfitRatio": 0.24322933345532732,
        "researchAndDevelopmentExpenses": 9740000000,
        "generalAndAdministrativeExpenses": 1412000000,
        "sellingAndMarketingExpenses": 6171000000,
        "otherExpenses": 418000000,
        "operatingExpenses": 17388000000,
        "costAndExpenses": 83557000000,
        "interestExpense": 455000000,
        "depreciationAndAmortization": 6170000000,
        "ebitda": 10049000000,
        "ebitdaratio": 0.11492977720847249,
        "operatingIncome": 3879000000,
        "operatingIncomeRatio": 0.04436387757902923,
        "totalOtherIncomeExpensesNet": 418000000,
        "incomeBeforeTax": 4053000000,
        "incomeBeforeTaxRatio": 0.046353904570199916,
        "incomeTaxExpense": 786000000,
        "netIncome": 3268000000,
        "netIncomeRatio": 0.037375909236470106,
        "eps": 6.58,
        "epsdiluted": 6.47,
        "weightedAverageShsOut": 495000000,
        "weightedAverageShsOutDil": 505000000,
        "link": "https://www.sec.gov/Archives/edgar/data/1018724/000101872420000004/0001018724-20-000004-index.html",
        "finalLink": "https://www.sec.gov/Archives/edgar/data/1018724/000101872420000004/amzn-20191231x10k.htm"
    },
    {
        "date": "2019-09-30",
        "symbol": "AMZN",
        "reportedCurrency": "USD",
        "fillingDate": "2019-10-25 00:00:00",
        "acceptedDate": "2019-10-24 20:49:26",
        "period": "Q3",
        "revenue": 69981000000,
        "costOfRevenue": 51469000000,
        "grossProfit": 18512000000,
        "grossProfitRatio": 0.2645289435703977,
        "researchAndDevelopmentExpenses": 9200000000,
        "generalAndAdministrativeExpenses": 1348000000,
        "sellingAndMarketingExpenses": 4752000000,
        "otherExpenses": -353000000,
        "operatingExpenses": 15355000000,
        "costAndExpenses": 66824000000,
        "interestExpense": 396000000,
        "depreciationAndAmortization": 5563000000,
        "ebitda": 8720000000,
        "ebitdaratio": 0.12460524999642761,
        "operatingIncome": 3157000000,
        "operatingIncomeRatio": 0.045112244752147014,
        "totalOtherIncomeExpensesNet": -353000000,
        "incomeBeforeTax": 2632000000,
        "incomeBeforeTaxRatio": 0.03761020848516026,
        "incomeTaxExpense": 494000000,
        "netIncome": 2134000000,
        "netIncomeRatio": 0.030493991226189964,
        "eps": 4.31,
        "epsdiluted": 4.23,
        "weightedAverageShsOut": 493000000,
        "weightedAverageShsOutDil": 504000000,
        "link": "https://www.sec.gov/Archives/edgar/data/1018724/000101872419000089/0001018724-19-000089-index.html",
        "finalLink": "https://www.sec.gov/Archives/edgar/data/1018724/000101872419000089/amzn-2019930x10q.htm"
    },
    {
        "date": "2019-06-30",
        "symbol": "AMZN",
        "reportedCurrency": "USD",
        "fillingDate": "2019-07-26",
        "acceptedDate": "2019-07-25 19:40:28",
        "period": "Q2",
        "revenue": 63404000000,
        "costOfRevenue": 45608000000,
        "grossProfit": 17796000000,
        "grossProfitRatio": 0.28067629802536115,
        "researchAndDevelopmentExpenses": 9065000000,
        "generalAndAdministrativeExpenses": 1270000000,
        "sellingAndMarketingExpenses": 4291000000,
        "otherExpenses": -27000000,
        "operatingExpenses": 14712000000,
        "costAndExpenses": 60320000000,
        "interestExpense": 383000000,
        "depreciationAndAmortization": 5202000000,
        "ebitda": 8286000000,
        "ebitdaratio": 0.13068576115071603,
        "operatingIncome": 3084000000,
        "operatingIncomeRatio": 0.04864046432401741,
        "totalOtherIncomeExpensesNet": -27000000,
        "incomeBeforeTax": 2889000000,
        "incomeBeforeTaxRatio": 0.04556494858368557,
        "incomeTaxExpense": 257000000,
        "netIncome": 2625000000,
        "netIncomeRatio": 0.04140117342754401,
        "eps": 5.32,
        "epsdiluted": 5.22,
        "weightedAverageShsOut": 491000000,
        "weightedAverageShsOutDil": 503000000,
        "link": "https://www.sec.gov/Archives/edgar/data/1018724/000101872419000071/amzn-2019630x10q.htm",
        "finalLink": "https://www.sec.gov/Archives/edgar/data/1018724/000101872419000071/amzn-2019630x10q.htm"
    },
    {
        "date": "2019-03-31",
        "symbol": "AMZN",
        "reportedCurrency": "USD",
        "fillingDate": "2019-04-26 00:00:00",
        "acceptedDate": "2019-04-25 19:08:50",
        "period": "Q1",
        "revenue": 59700000000,
        "costOfRevenue": 42521000000,
        "grossProfit": 17179000000,
        "grossProfitRatio": 0.28775544388609714,
        "researchAndDevelopmentExpenses": 7927000000,
        "generalAndAdministrativeExpenses": 1173000000,
        "sellingAndMarketingExpenses": 3664000000,
        "otherExpenses": 164000000,
        "operatingExpenses": 12759000000,
        "costAndExpenses": 55280000000,
        "interestExpense": 366000000,
        "depreciationAndAmortization": 4854000000,
        "ebitda": 9274000000,
        "ebitdaratio": 0.15534338358458963,
        "operatingIncome": 4420000000,
        "operatingIncomeRatio": 0.07403685092127303,
        "totalOtherIncomeExpensesNet": 164000000,
        "incomeBeforeTax": 4401000000,
        "incomeBeforeTaxRatio": 0.07371859296482412,
        "incomeTaxExpense": 836000000,
        "netIncome": 3561000000,
        "netIncomeRatio": 0.05964824120603015,
        "eps": 7.24,
        "epsdiluted": 7.09,
        "weightedAverageShsOut": 491000000,
        "weightedAverageShsOutDil": 502000000,
        "link": "https://www.sec.gov/Archives/edgar/data/1018724/000101872419000043/0001018724-19-000043-index.html",
        "finalLink": "https://www.sec.gov/Archives/edgar/data/1018724/000101872419000043/amzn-2019331x10q.htm"
    },
    {
        "date": "2018-12-31",
        "symbol": "AMZN",
        "reportedCurrency": "USD",
        "fillingDate": "2019-02-01 00:00:00",
        "acceptedDate": "2019-01-31 20:22:40",
        "period": "Q4",
        "revenue": 72383000000,
        "costOfRevenue": 54814000000,
        "grossProfit": 17569000000,
        "grossProfitRatio": 0.24272273876462705,
        "researchAndDevelopmentExpenses": 7669000000,
        "generalAndAdministrativeExpenses": 1117000000,
        "sellingAndMarketingExpenses": 4912000000,
        "otherExpenses": -199000000,
        "operatingExpenses": 13783000000,
        "costAndExpenses": 68597000000,
        "interestExpense": 387000000,
        "depreciationAndAmortization": 4262000000,
        "ebitda": 8048000000,
        "ebitdaratio": 0.11118632828150256,
        "operatingIncome": 3786000000,
        "operatingIncomeRatio": 0.05230509926363925,
        "totalOtherIncomeExpensesNet": -199000000,
        "incomeBeforeTax": 3350000000,
        "incomeBeforeTaxRatio": 0.04628158545514831,
        "incomeTaxExpense": 327000000,
        "netIncome": 3027000000,
        "netIncomeRatio": 0.04181921169335341,
        "eps": 6.18,
        "epsdiluted": 6.04,
        "weightedAverageShsOut": 490000000,
        "weightedAverageShsOutDil": 501000000,
        "link": "https://www.sec.gov/Archives/edgar/data/1018724/000101872419000004/0001018724-19-000004-index.html",
        "finalLink": "https://www.sec.gov/Archives/edgar/data/1018724/000101872419000004/amzn-20181231x10k.htm"
    },
    {
        "date": "2018-09-30",
        "symbol": "AMZN",
        "reportedCurrency": "USD",
        "fillingDate": "2018-10-26 00:00:00",
        "acceptedDate": "2018-10-25 19:42:40",
        "period": "Q3",
        "revenue": 56576000000,
        "costOfRevenue": 41278000000,
        "grossProfit": 15298000000,
        "grossProfitRatio": 0.2703973416289593,
        "researchAndDevelopmentExpenses": 7162000000,
        "generalAndAdministrativeExpenses": 1041000000,
        "sellingAndMarketingExpenses": 3303000000,
        "otherExpenses": -93000000,
        "operatingExpenses": 11574000000,
        "costAndExpenses": 52852000000,
        "interestExpense": 358000000,
        "depreciationAndAmortization": 3778000000,
        "ebitda": 7502000000,
        "ebitdaratio": 0.1326003959276018,
        "operatingIncome": 3724000000,
        "operatingIncomeRatio": 0.06582296380090498,
        "totalOtherIncomeExpensesNet": -93000000,
        "incomeBeforeTax": 3390000000,
        "incomeBeforeTaxRatio": 0.05991940045248869,
        "incomeTaxExpense": 508000000,
        "netIncome": 2883000000,
        "netIncomeRatio": 0.05095800339366516,
        "eps": 5.91,
        "epsdiluted": 5.75,
        "weightedAverageShsOut": 488000000,
        "weightedAverageShsOutDil": 501000000,
        "link": "https://www.sec.gov/Archives/edgar/data/1018724/000101872418000159/0001018724-18-000159-index.html",
        "finalLink": "https://www.sec.gov/Archives/edgar/data/1018724/000101872418000159/amzn-20180930x10q.htm"
    },
    {
        "date": "2018-06-30",
        "symbol": "AMZN",
        "reportedCurrency": "USD",
        "fillingDate": "2018-07-27 00:00:00",
        "acceptedDate": "2018-07-26 19:23:13",
        "period": "Q2",
        "revenue": 52886000000,
        "costOfRevenue": 38564000000,
        "grossProfit": 14322000000,
        "grossProfitRatio": 0.2708089097303634,
        "researchAndDevelopmentExpenses": 7247000000,
        "generalAndAdministrativeExpenses": 1111000000,
        "sellingAndMarketingExpenses": 2901000000,
        "otherExpenses": -129000000,
        "operatingExpenses": 11339000000,
        "costAndExpenses": 49903000000,
        "interestExpense": 343000000,
        "depreciationAndAmortization": 3630000000,
        "ebitda": 6613000000,
        "ebitdaratio": 0.12504254434065726,
        "operatingIncome": 2983000000,
        "operatingIncomeRatio": 0.056404341413606625,
        "totalOtherIncomeExpensesNet": -129000000,
        "incomeBeforeTax": 2605000000,
        "incomeBeforeTaxRatio": 0.049256892183186476,
        "incomeTaxExpense": 74000000,
        "netIncome": 2534000000,
        "netIncomeRatio": 0.04791438187800174,
        "eps": 5.21,
        "epsdiluted": 5.07,
        "weightedAverageShsOut": 486000000,
        "weightedAverageShsOutDil": 500000000,
        "link": "https://www.sec.gov/Archives/edgar/data/1018724/000101872418000108/0001018724-18-000108-index.html",
        "finalLink": "https://www.sec.gov/Archives/edgar/data/1018724/000101872418000108/amzn-20180630x10q.htm"
    },
    {
        "date": "2018-03-31",
        "symbol": "AMZN",
        "reportedCurrency": "USD",
        "fillingDate": "2018-04-27 00:00:00",
        "acceptedDate": "2018-04-26 19:36:54",
        "period": "Q1",
        "revenue": 51042000000,
        "costOfRevenue": 38527000000,
        "grossProfit": 12515000000,
        "grossProfitRatio": 0.24519023549233965,
        "researchAndDevelopmentExpenses": 6759000000,
        "generalAndAdministrativeExpenses": 1067000000,
        "sellingAndMarketingExpenses": 2699000000,
        "otherExpenses": 239000000,
        "operatingExpenses": 10588000000,
        "costAndExpenses": 49115000000,
        "interestExpense": 330000000,
        "depreciationAndAmortization": 3671000000,
        "ebitda": 5598000000,
        "ebitdaratio": 0.10967438579992947,
        "operatingIncome": 1927000000,
        "operatingIncomeRatio": 0.037753222836095765,
        "totalOtherIncomeExpensesNet": 239000000,
        "incomeBeforeTax": 1916000000,
        "incomeBeforeTaxRatio": 0.03753771403941852,
        "incomeTaxExpense": 287000000,
        "netIncome": 1629000000,
        "netIncomeRatio": 0.031914893617021274,
        "eps": 3.36,
        "epsdiluted": 3.27,
        "weightedAverageShsOut": 484000000,
        "weightedAverageShsOutDil": 498000000,
        "link": "https://www.sec.gov/Archives/edgar/data/1018724/000101872418000072/0001018724-18-000072-index.html",
        "finalLink": "https://www.sec.gov/Archives/edgar/data/1018724/000101872418000072/amzn-20180331x10q.htm"
    },
    {
        "date": "2017-12-31",
        "symbol": "AMZN",
        "reportedCurrency": "USD",
        "fillingDate": "2018-02-02 00:00:00",
        "acceptedDate": "2018-02-01 20:41:15",
        "period": "Q4",
        "revenue": 60453000000,
        "costOfRevenue": 47469000000,
        "grossProfit": 12984000000,
        "grossProfitRatio": 0.21477842290705176,
        "researchAndDevelopmentExpenses": 6314000000,
        "generalAndAdministrativeExpenses": 1044000000,
        "sellingAndMarketingExpenses": 3440000000,
        "otherExpenses": 17000000,
        "operatingExpenses": 10857000000,
        "costAndExpenses": 58326000000,
        "interestExpense": 338000000,
        "depreciationAndAmortization": 3498000000,
        "ebitda": 5625000000,
        "ebitdaratio": 0.09304749143963079,
        "operatingIncome": 2127000000,
        "operatingIncomeRatio": 0.03518435809637239,
        "totalOtherIncomeExpensesNet": 17000000,
        "incomeBeforeTax": 1871000000,
        "incomeBeforeTaxRatio": 0.030949663374853192,
        "incomeTaxExpense": 14000000,
        "netIncome": 1857000000,
        "netIncomeRatio": 0.03071807850727011,
        "eps": 3.85,
        "epsdiluted": 3.75,
        "weightedAverageShsOut": 483000000,
        "weightedAverageShsOutDil": 496000000,
        "link": "https://www.sec.gov/Archives/edgar/data/1018724/000101872418000005/0001018724-18-000005-index.html",
        "finalLink": "https://www.sec.gov/Archives/edgar/data/1018724/000101872418000005/amzn-20171231x10k.htm"
    },
    {
        "date": "2017-09-30",
        "symbol": "AMZN",
        "reportedCurrency": "USD",
        "fillingDate": "2017-10-27 00:00:00",
        "acceptedDate": "2017-10-26 19:41:02",
        "period": "Q3",
        "revenue": 43744000000,
        "costOfRevenue": 33969000000,
        "grossProfit": 9775000000,
        "grossProfitRatio": 0.22345921726408194,
        "researchAndDevelopmentExpenses": 5944000000,
        "generalAndAdministrativeExpenses": 960000000,
        "sellingAndMarketingExpenses": 2479000000,
        "otherExpenses": 143000000,
        "operatingExpenses": 9428000000,
        "costAndExpenses": 43397000000,
        "interestExpense": 228000000,
        "depreciationAndAmortization": 2912000000,
        "ebitda": 3259000000,
        "ebitdaratio": 0.07450164594001463,
        "operatingIncome": 347000000,
        "operatingIncomeRatio": 0.007932516459400147,
        "totalOtherIncomeExpensesNet": 143000000,
        "incomeBeforeTax": 316000000,
        "incomeBeforeTaxRatio": 0.0072238478419897586,
        "incomeTaxExpense": 58000000,
        "netIncome": 256000000,
        "netIncomeRatio": 0.005852231163130944,
        "eps": 0.53,
        "epsdiluted": 0.52,
        "weightedAverageShsOut": 481000000,
        "weightedAverageShsOutDil": 494000000,
        "link": "https://www.sec.gov/Archives/edgar/data/1018724/000101872417000135/0001018724-17-000135-index.html",
        "finalLink": "https://www.sec.gov/Archives/edgar/data/1018724/000101872417000135/amzn-20170930x10q.htm"
    },
    {
        "date": "2017-06-30",
        "symbol": "AMZN",
        "reportedCurrency": "USD",
        "fillingDate": "2017-07-28 00:00:00",
        "acceptedDate": "2017-07-27 19:19:31",
        "period": "Q2",
        "revenue": 37955000000,
        "costOfRevenue": 28609000000,
        "grossProfit": 9346000000,
        "grossProfitRatio": 0.24623896719799762,
        "researchAndDevelopmentExpenses": 5549000000,
        "generalAndAdministrativeExpenses": 874000000,
        "sellingAndMarketingExpenses": 2229000000,
        "otherExpenses": 137000000,
        "operatingExpenses": 8718000000,
        "costAndExpenses": 37327000000,
        "interestExpense": 143000000,
        "depreciationAndAmortization": 2633000000,
        "ebitda": 3261000000,
        "ebitdaratio": 0.08591753392174944,
        "operatingIncome": 628000000,
        "operatingIncomeRatio": 0.016545909629824794,
        "totalOtherIncomeExpensesNet": 137000000,
        "incomeBeforeTax": 666000000,
        "incomeBeforeTaxRatio": 0.01754709524436833,
        "incomeTaxExpense": 467000000,
        "netIncome": 197000000,
        "netIncomeRatio": 0.005190357001712554,
        "eps": 0.41,
        "epsdiluted": 0.4,
        "weightedAverageShsOut": 479000000,
        "weightedAverageShsOutDil": 492000000,
        "link": "https://www.sec.gov/Archives/edgar/data/1018724/000101872417000100/0001018724-17-000100-index.html",
        "finalLink": "https://www.sec.gov/Archives/edgar/data/1018724/000101872417000100/amzn-20170630x10q.htm"
    },
    {
        "date": "2017-03-31",
        "symbol": "AMZN",
        "reportedCurrency": "USD",
        "fillingDate": "2017-04-28 00:00:00",
        "acceptedDate": "2017-04-27 19:05:44",
        "period": "Q1",
        "revenue": 35714000000,
        "costOfRevenue": 27137000000,
        "grossProfit": 8577000000,
        "grossProfitRatio": 0.2401579212633701,
        "researchAndDevelopmentExpenses": 4813000000,
        "generalAndAdministrativeExpenses": 795000000,
        "sellingAndMarketingExpenses": 1920000000,
        "otherExpenses": 48000000,
        "operatingExpenses": 7572000000,
        "costAndExpenses": 34709000000,
        "interestExpense": 139000000,
        "depreciationAndAmortization": 2435000000,
        "ebitda": 3440000000,
        "ebitdaratio": 0.09632077056616453,
        "operatingIncome": 1005000000,
        "operatingIncomeRatio": 0.028140225121800973,
        "totalOtherIncomeExpensesNet": 48000000,
        "incomeBeforeTax": 953000000,
        "incomeBeforeTaxRatio": 0.02668421347370779,
        "incomeTaxExpense": 229000000,
        "netIncome": 724000000,
        "netIncomeRatio": 0.02027216217729742,
        "eps": 1.52,
        "epsdiluted": 1.48,
        "weightedAverageShsOut": 477000000,
        "weightedAverageShsOutDil": 490000000,
        "link": "https://www.sec.gov/Archives/edgar/data/1018724/000101872417000051/0001018724-17-000051-index.html",
        "finalLink": "https://www.sec.gov/Archives/edgar/data/1018724/000101872417000051/amzn-20170331x10q.htm"
    },
    {
        "date": "2016-12-31",
        "symbol": "AMZN",
        "reportedCurrency": "USD",
        "fillingDate": "2017-02-10 00:00:00",
        "acceptedDate": "2017-02-09 17:56:36",
        "period": "Q4",
        "revenue": 43741000000,
        "costOfRevenue": 34678000000,
        "grossProfit": 9063000000,
        "grossProfitRatio": 0.207196909078439,
        "researchAndDevelopmentExpenses": 4544000000,
        "generalAndAdministrativeExpenses": 717000000,
        "sellingAndMarketingExpenses": 2513000000,
        "otherExpenses": 15000000,
        "operatingExpenses": 7808000000,
        "costAndExpenses": 42486000000,
        "interestExpense": 133000000,
        "depreciationAndAmortization": 2297000000,
        "ebitda": 3552000000,
        "ebitdaratio": 0.08120527651402575,
        "operatingIncome": 1255000000,
        "operatingIncomeRatio": 0.028691616561121146,
        "totalOtherIncomeExpensesNet": 15000000,
        "incomeBeforeTax": 1166000000,
        "incomeBeforeTaxRatio": 0.026656912279097413,
        "incomeTaxExpense": 413000000,
        "netIncome": 749000000,
        "netIncomeRatio": 0.017123522553210948,
        "eps": 1.57,
        "epsdiluted": 1.54,
        "weightedAverageShsOut": 476000000,
        "weightedAverageShsOutDil": 486000000,
        "link": "https://www.sec.gov/Archives/edgar/data/1018724/000101872417000011/0001018724-17-000011-index.html",
        "finalLink": "https://www.sec.gov/Archives/edgar/data/1018724/000101872417000011/amzn-20161231x10k.htm"
    },
    {
        "date": "2016-09-30",
        "symbol": "AMZN",
        "reportedCurrency": "USD",
        "fillingDate": "2016-10-28 00:00:00",
        "acceptedDate": "2016-10-27 18:38:58",
        "period": "Q3",
        "revenue": 32714000000,
        "costOfRevenue": 25595000000,
        "grossProfit": 7119000000,
        "grossProfitRatio": 0.2176132542642294,
        "researchAndDevelopmentExpenses": 4135000000,
        "generalAndAdministrativeExpenses": 639000000,
        "sellingAndMarketingExpenses": 1738000000,
        "otherExpenses": 8000000.0,
        "operatingExpenses": 6544000000,
        "costAndExpenses": 32139000000,
        "interestExpense": 118000000,
        "depreciationAndAmortization": 2084000000,
        "ebitda": 2659000000,
        "ebitdaratio": 0.08128018585315155,
        "operatingIncome": 575000000,
        "operatingIncomeRatio": 0.017576572721159138,
        "totalOtherIncomeExpensesNet": 8000000.0,
        "incomeBeforeTax": 491000000,
        "incomeBeforeTaxRatio": 0.015008864706241977,
        "incomeTaxExpense": 229000000,
        "netIncome": 252000000,
        "netIncomeRatio": 0.0077031240447514825,
        "eps": 0.53,
        "epsdiluted": 0.52,
        "weightedAverageShsOut": 474000000,
        "weightedAverageShsOutDil": 485000000,
        "link": "https://www.sec.gov/Archives/edgar/data/1018724/000101872416000324/0001018724-16-000324-index.html",
        "finalLink": "https://www.sec.gov/Archives/edgar/data/1018724/000101872416000324/amzn-20160930x10q.htm"
    },
    {
        "date": "2016-06-30",
        "symbol": "AMZN",
        "reportedCurrency": "USD",
        "fillingDate": "2016-07-29",
        "acceptedDate": "2016-07-28 19:21:05",
        "period": "Q2",
        "revenue": 30404000000,
        "costOfRevenue": 23058000000,
        "grossProfit": 7346000000,
        "grossProfitRatio": 0.24161294566504407,
        "researchAndDevelopmentExpenses": 3880000000,
        "generalAndAdministrativeExpenses": 580000000,
        "sellingAndMarketingExpenses": 1546000000,
        "otherExpenses": -14000000,
        "operatingExpenses": 6061000000,
        "costAndExpenses": 29119000000,
        "interestExpense": 116000000,
        "depreciationAndAmortization": 1909000000,
        "ebitda": 3194000000,
        "ebitdaratio": 0.10505196684646757,
        "operatingIncome": 1285000000,
        "operatingIncomeRatio": 0.042264175766346536,
        "totalOtherIncomeExpensesNet": -14000000,
        "incomeBeforeTax": 1179000000,
        "incomeBeforeTaxRatio": 0.0387777923957374,
        "incomeTaxExpense": 307000000,
        "netIncome": 857000000,
        "netIncomeRatio": 0.02818708064728325,
        "eps": 1.81,
        "epsdiluted": 1.78,
        "weightedAverageShsOut": 473000000,
        "weightedAverageShsOutDil": 483000000,
        "link": "https://www.sec.gov/Archives/edgar/data/1018724/000101872416000286/amzn-20160630x10q.htm",
        "finalLink": "https://www.sec.gov/Archives/edgar/data/1018724/000101872416000286/amzn-20160630x10q.htm"
    },
    {
        "date": "2016-03-31",
        "symbol": "AMZN",
        "reportedCurrency": "USD",
        "fillingDate": "2016-04-29 00:00:00",
        "acceptedDate": "2016-04-28 18:27:40",
        "period": "Q1",
        "revenue": 29128000000,
        "costOfRevenue": 22553000000,
        "grossProfit": 6575000000,
        "grossProfitRatio": 0.2257278220269157,
        "researchAndDevelopmentExpenses": 3526000000,
        "generalAndAdministrativeExpenses": 497000000,
        "sellingAndMarketingExpenses": 1436000000,
        "otherExpenses": 81000000,
        "operatingExpenses": 5504000000,
        "costAndExpenses": 28057000000,
        "interestExpense": 117000000,
        "depreciationAndAmortization": 1827000000,
        "ebitda": 2898000000,
        "ebitdaratio": 0.09949189783026641,
        "operatingIncome": 1071000000,
        "operatingIncomeRatio": 0.036768744850315845,
        "totalOtherIncomeExpensesNet": 81000000,
        "incomeBeforeTax": 1056000000,
        "incomeBeforeTaxRatio": 0.03625377643504532,
        "incomeTaxExpense": 475000000,
        "netIncome": 513000000,
        "netIncomeRatio": 0.01761191980225213,
        "eps": 1.09,
        "epsdiluted": 1.07,
        "weightedAverageShsOut": 471000000,
        "weightedAverageShsOutDil": 481000000,
        "link": "https://www.sec.gov/Archives/edgar/data/1018724/000101872416000227/0001018724-16-000227-index.html",
        "finalLink": "https://www.sec.gov/Archives/edgar/data/1018724/000101872416000227/amzn-20160331x10q.htm"
    },
    {
        "date": "2015-12-31",
        "symbol": "AMZN",
        "reportedCurrency": "USD",
        "fillingDate": "2016-01-29 00:00:00",
        "acceptedDate": "2016-01-28 19:38:11",
        "period": "Q4",
        "revenue": 35747000000,
        "costOfRevenue": 28886000000,
        "grossProfit": 6861000000,
        "grossProfitRatio": 0.1919321901138557,
        "researchAndDevelopmentExpenses": 3569000000,
        "generalAndAdministrativeExpenses": 390000000,
        "sellingAndMarketingExpenses": 1758000000,
        "otherExpenses": -69000000,
        "operatingExpenses": 5752000000,
        "costAndExpenses": 34638000000,
        "interestExpense": 115000000,
        "depreciationAndAmortization": 1752000000,
        "ebitda": 2861000000,
        "ebitdaratio": 0.08003468822558536,
        "operatingIncome": 1109000000,
        "operatingIncomeRatio": 0.03102358239852295,
        "totalOtherIncomeExpensesNet": -69000000,
        "incomeBeforeTax": 938000000,
        "incomeBeforeTaxRatio": 0.026239964192799396,
        "incomeTaxExpense": 452000000,
        "netIncome": 482000000,
        "netIncomeRatio": 0.013483648977536577,
        "eps": 1.03,
        "epsdiluted": 1.0,
        "weightedAverageShsOut": 470000000,
        "weightedAverageShsOutDil": 481000000,
        "link": "https://www.sec.gov/Archives/edgar/data/1018724/000101872416000172/0001018724-16-000172-index.html",
        "finalLink": "https://www.sec.gov/Archives/edgar/data/1018724/000101872416000172/amzn-20151231x10k.htm"
    },
    {
        "date": "2015-09-30",
        "symbol": "AMZN",
        "reportedCurrency": "USD",
        "fillingDate": "2015-10-23 00:00:00",
        "acceptedDate": "2015-10-22 18:50:56",
        "period": "Q3",
        "revenue": 25358000000,
        "costOfRevenue": 19985000000,
        "grossProfit": 5373000000,
        "grossProfitRatio": 0.21188579540973262,
        "researchAndDevelopmentExpenses": 3197000000,
        "generalAndAdministrativeExpenses": 463000000,
        "sellingAndMarketingExpenses": 1264000000,
        "otherExpenses": -56000000,
        "operatingExpenses": 4967000000,
        "costAndExpenses": 24952000000,
        "interestExpense": 116000000,
        "depreciationAndAmortization": 1599000000,
        "ebitda": 2005000000,
        "ebitdaratio": 0.07906774982254121,
        "operatingIncome": 406000000,
        "operatingIncomeRatio": 0.016010726397980915,
        "totalOtherIncomeExpensesNet": -56000000,
        "incomeBeforeTax": 247000000,
        "incomeBeforeTaxRatio": 0.009740515813549965,
        "incomeTaxExpense": 161000000,
        "netIncome": 79000000,
        "netIncomeRatio": 0.0031153876488682073,
        "eps": 0.16880341880341881,
        "epsdiluted": 0.16527196652719664,
        "weightedAverageShsOut": 468000000,
        "weightedAverageShsOutDil": 478000000,
        "link": "https://www.sec.gov/Archives/edgar/data/1018724/000101872415000126/0001018724-15-000126-index.html",
        "finalLink": "https://www.sec.gov/Archives/edgar/data/1018724/000101872415000126/amzn-20150930x10q.htm"
    },
    {
        "date": "2015-06-30",
        "symbol": "AMZN",
        "reportedCurrency": "USD",
        "fillingDate": "2015-07-24 00:00:00",
        "acceptedDate": "2015-07-23 18:46:09",
        "period": "Q2",
        "revenue": 23185000000,
        "costOfRevenue": 18036000000,
        "grossProfit": 5149000000,
        "grossProfitRatio": 0.22208324347638558,
        "researchAndDevelopmentExpenses": 3020000000,
        "generalAndAdministrativeExpenses": 467000000,
        "sellingAndMarketingExpenses": 1150000000,
        "otherExpenses": 0.0,
        "operatingExpenses": 4685000000,
        "costAndExpenses": 22721000000,
        "interestExpense": 114000000,
        "depreciationAndAmortization": 1504000000,
        "ebitda": 1968000000,
        "ebitdaratio": 0.08488246711235713,
        "operatingIncome": 464000000,
        "operatingIncomeRatio": 0.020012939400474446,
        "totalOtherIncomeExpensesNet": 0.0,
        "incomeBeforeTax": 362000000,
        "incomeBeforeTaxRatio": 0.015613543239163252,
        "incomeTaxExpense": 266000000,
        "netIncome": 92000000,
        "netIncomeRatio": 0.003968082812163037,
        "eps": 0.2,
        "epsdiluted": 0.19,
        "weightedAverageShsOut": 467000000,
        "weightedAverageShsOutDil": 476000000,
        "link": "https://www.sec.gov/Archives/edgar/data/1018724/000101872415000087/0001018724-15-000087-index.html",
        "finalLink": "https://www.sec.gov/Archives/edgar/data/1018724/000101872415000087/amzn-20150630x10q.htm"
    },
    {
        "date": "2015-03-31",
        "symbol": "AMZN",
        "reportedCurrency": "USD",
        "fillingDate": "2015-04-24 00:00:00",
        "acceptedDate": "2015-04-23 19:03:23",
        "period": "Q1",
        "revenue": 22717000000,
        "costOfRevenue": 18154000000,
        "grossProfit": 4563000000,
        "grossProfitRatio": 0.20086278998107143,
        "researchAndDevelopmentExpenses": 2754000000,
        "generalAndAdministrativeExpenses": 427000000,
        "sellingAndMarketingExpenses": 1083000000,
        "otherExpenses": -130000000,
        "operatingExpenses": 4308000000,
        "costAndExpenses": 22462000000,
        "interestExpense": 115000000,
        "depreciationAndAmortization": 1426000000,
        "ebitda": 1681000000,
        "ebitdaratio": 0.07399744684597438,
        "operatingIncome": 255000000,
        "operatingIncomeRatio": 0.011225073733327463,
        "totalOtherIncomeExpensesNet": -130000000,
        "incomeBeforeTax": 21000000,
        "incomeBeforeTaxRatio": 0.0009244178368622617,
        "incomeTaxExpense": 71000000,
        "netIncome": -57000000,
        "netIncomeRatio": -0.002509134128626139,
        "eps": -0.12,
        "epsdiluted": -0.12,
        "weightedAverageShsOut": 465000000,
        "weightedAverageShsOutDil": 465000000,
        "link": "https://www.sec.gov/Archives/edgar/data/1018724/000101872415000038/0001018724-15-000038-index.html",
        "finalLink": "https://www.sec.gov/Archives/edgar/data/1018724/000101872415000038/amzn-20150331x10q.htm"
    },
    {
        "date": "2014-12-31",
        "symbol": "AMZN",
        "reportedCurrency": "USD",
        "fillingDate": "2015-01-30",
        "acceptedDate": "2015-01-29 19:38:08",
        "period": "Q4",
        "revenue": 29329000000,
        "costOfRevenue": 24096000000,
        "grossProfit": 5233000000,
        "grossProfitRatio": 0.17842408537624876,
        "researchAndDevelopmentExpenses": 2636000000,
        "generalAndAdministrativeExpenses": 442000000,
        "sellingAndMarketingExpenses": 1526000000,
        "otherExpenses": -95000000,
        "operatingExpenses": 4643000000,
        "costAndExpenses": 28739000000,
        "interestExpense": 74000000,
        "depreciationAndAmortization": 1380000000,
        "ebitda": 1970000000,
        "ebitdaratio": 0.06716901360428246,
        "operatingIncome": 590000000,
        "operatingIncomeRatio": 0.020116608135292712,
        "totalOtherIncomeExpensesNet": -95000000,
        "incomeBeforeTax": 429000000,
        "incomeBeforeTaxRatio": 0.014627160830577244,
        "incomeTaxExpense": 205000000,
        "netIncome": 214000000,
        "netIncomeRatio": 0.007296532442292611,
        "eps": 0.46,
        "epsdiluted": 0.45,
        "weightedAverageShsOut": 464000000,
        "weightedAverageShsOutDil": 472000000,
        "link": "https://www.sec.gov/Archives/edgar/data/1018724/000101872415000006/amzn-20141231x10k.htm",
        "finalLink": "https://www.sec.gov/Archives/edgar/data/1018724/000101872415000006/amzn-20141231x10k.htm"
    },
    {
        "date": "2014-09-30",
        "symbol": "AMZN",
        "reportedCurrency": "USD",
        "fillingDate": "2014-10-24 00:00:00",
        "acceptedDate": "2014-10-23 19:33:37",
        "period": "Q3",
        "revenue": 20579000000,
        "costOfRevenue": 17270000000,
        "grossProfit": 3309000000,
        "grossProfitRatio": 0.16079498517906604,
        "researchAndDevelopmentExpenses": 2423000000,
        "generalAndAdministrativeExpenses": 406000000,
        "sellingAndMarketingExpenses": 993000000,
        "otherExpenses": -50000000,
        "operatingExpenses": 3853000000,
        "costAndExpenses": 21123000000,
        "interestExpense": 49000000,
        "depreciationAndAmortization": 1247000000,
        "ebitda": 703000000,
        "ebitdaratio": 0.034161037951309585,
        "operatingIncome": -544000000,
        "operatingIncomeRatio": -0.026434715000728897,
        "totalOtherIncomeExpensesNet": -50000000,
        "incomeBeforeTax": -634000000,
        "incomeBeforeTaxRatio": -0.030808105350114193,
        "incomeTaxExpense": -205000000,
        "netIncome": -437000000,
        "netIncomeRatio": -0.021235239807570826,
        "eps": -0.95,
        "epsdiluted": -0.95,
        "weightedAverageShsOut": 463000000,
        "weightedAverageShsOutDil": 463000000,
        "link": "https://www.sec.gov/Archives/edgar/data/1018724/000101872414000055/0001018724-14-000055-index.html",
        "finalLink": "https://www.sec.gov/Archives/edgar/data/1018724/000101872414000055/amzn-20140930x10q.htm"
    },
    {
        "date": "2014-06-30",
        "symbol": "AMZN",
        "reportedCurrency": "USD",
        "fillingDate": "2014-07-25 00:00:00",
        "acceptedDate": "2014-07-24 19:36:23",
        "period": "Q2",
        "revenue": 19340000000,
        "costOfRevenue": 15781000000,
        "grossProfit": 3559000000,
        "grossProfitRatio": 0.18402275077559463,
        "researchAndDevelopmentExpenses": 2226000000,
        "generalAndAdministrativeExpenses": 377000000,
        "sellingAndMarketingExpenses": 943000000,
        "otherExpenses": 22000000,
        "operatingExpenses": 3574000000,
        "costAndExpenses": 19355000000,
        "interestExpense": 45000000,
        "depreciationAndAmortization": 1109000000,
        "ebitda": 1094000000,
        "ebitdaratio": 0.05656670113753878,
        "operatingIncome": -15000000,
        "operatingIncomeRatio": -0.0007755946225439503,
        "totalOtherIncomeExpensesNet": 22000000,
        "incomeBeforeTax": -27000000,
        "incomeBeforeTaxRatio": -0.0013960703205791107,
        "incomeTaxExpense": 94000000,
        "netIncome": -126000000,
        "netIncomeRatio": -0.006514994829369183,
        "eps": -0.27,
        "epsdiluted": -0.27,
        "weightedAverageShsOut": 461000000,
        "weightedAverageShsOutDil": 461000000,
        "link": "https://www.sec.gov/Archives/edgar/data/1018724/000101872414000025/0001018724-14-000025-index.html",
        "finalLink": "https://www.sec.gov/Archives/edgar/data/1018724/000101872414000025/amzn-20140630x10q.htm"
    },
    {
        "date": "2014-03-31",
        "symbol": "AMZN",
        "reportedCurrency": "USD",
        "fillingDate": "2014-04-25 00:00:00",
        "acceptedDate": "2014-04-24 19:35:02",
        "period": "Q1",
        "revenue": 19741000000,
        "costOfRevenue": 16372000000,
        "grossProfit": 3369000000,
        "grossProfitRatio": 0.17066004761663542,
        "researchAndDevelopmentExpenses": 1991000000,
        "generalAndAdministrativeExpenses": 327000000,
        "sellingAndMarketingExpenses": 870000000,
        "otherExpenses": 5000000.0,
        "operatingExpenses": 3223000000,
        "costAndExpenses": 19595000000,
        "interestExpense": 42000000,
        "depreciationAndAmortization": 1010000000,
        "ebitda": 1156000000,
        "ebitdaratio": 0.05855833037840028,
        "operatingIncome": 146000000,
        "operatingIncomeRatio": 0.007395775290005572,
        "totalOtherIncomeExpensesNet": 5000000.0,
        "incomeBeforeTax": 120000000,
        "incomeBeforeTaxRatio": 0.006078719416442936,
        "incomeTaxExpense": 73000000,
        "netIncome": 108000000,
        "netIncomeRatio": 0.005470847474798642,
        "eps": 0.23478260869565218,
        "epsdiluted": 0.23076923076923078,
        "weightedAverageShsOut": 460000000,
        "weightedAverageShsOutDil": 468000000,
        "link": "https://www.sec.gov/Archives/edgar/data/1018724/000101872414000014/0001018724-14-000014-index.html",
        "finalLink": "https://www.sec.gov/Archives/edgar/data/1018724/000101872414000014/amzn-20140331x10q.htm"
    },
    {
        "date": "2013-12-31",
        "symbol": "AMZN",
        "reportedCurrency": "USD",
        "fillingDate": "2014-01-31",
        "acceptedDate": "2014-01-30 21:52:38",
        "period": "Q4",
        "revenue": 25587000000,
        "costOfRevenue": 21724000000,
        "grossProfit": 3863000000,
        "grossProfitRatio": 0.1509751045452769,
        "researchAndDevelopmentExpenses": 1862000000,
        "generalAndAdministrativeExpenses": 319000000,
        "sellingAndMarketingExpenses": 1132000000,
        "otherExpenses": -29000000,
        "operatingExpenses": 3353000000,
        "costAndExpenses": 25077000000,
        "interestExpense": 39000000,
        "depreciationAndAmortization": 962000000,
        "ebitda": 1472000000,
        "ebitdaratio": 0.057529214054011804,
        "operatingIncome": 510000000,
        "operatingIncomeRatio": 0.019931996717082893,
        "totalOtherIncomeExpensesNet": -29000000,
        "incomeBeforeTax": 452000000,
        "incomeBeforeTaxRatio": 0.017665220619846017,
        "incomeTaxExpense": 179000000,
        "netIncome": 240000000,
        "netIncomeRatio": 0.009379763160980185,
        "eps": 0.52,
        "epsdiluted": 0.51,
        "weightedAverageShsOut": 458000000,
        "weightedAverageShsOutDil": 467000000,
        "link": "https://www.sec.gov/Archives/edgar/data/1018724/000101872414000006/amzn-20131231x10k.htm",
        "finalLink": "https://www.sec.gov/Archives/edgar/data/1018724/000101872414000006/amzn-20131231x10k.htm"
    },
    {
        "date": "2013-09-30",
        "symbol": "AMZN",
        "reportedCurrency": "USD",
        "fillingDate": "2013-10-25 00:00:00",
        "acceptedDate": "2013-10-24 19:56:06",
        "period": "Q3",
        "revenue": 17092000000,
        "costOfRevenue": 14400000000,
        "grossProfit": 2692000000,
        "grossProfitRatio": 0.15750058506903813,
        "researchAndDevelopmentExpenses": 1734000000,
        "generalAndAdministrativeExpenses": 278000000,
        "sellingAndMarketingExpenses": 694000000,
        "otherExpenses": 9000000.0,
        "operatingExpenses": 2717000000,
        "costAndExpenses": 17117000000,
        "interestExpense": 36000000,
        "depreciationAndAmortization": 834000000,
        "ebitda": 809000000,
        "ebitdaratio": 0.047332085186051955,
        "operatingIncome": -25000000,
        "operatingIncomeRatio": -0.0014626725953662532,
        "totalOtherIncomeExpensesNet": 9000000.0,
        "incomeBeforeTax": -43000000,
        "incomeBeforeTaxRatio": -0.0025157968640299555,
        "incomeTaxExpense": -12000000,
        "netIncome": -41000000,
        "netIncomeRatio": -0.0023987830564006552,
        "eps": -0.09,
        "epsdiluted": -0.09,
        "weightedAverageShsOut": 457000000,
        "weightedAverageShsOutDil": 457000000,
        "link": "https://www.sec.gov/Archives/edgar/data/1018724/000144530513002495/0001445305-13-002495-index.html",
        "finalLink": "https://www.sec.gov/Archives/edgar/data/1018724/000144530513002495/amzn-20130930x10q.htm"
    },
    {
        "date": "2013-06-30",
        "symbol": "AMZN",
        "reportedCurrency": "USD",
        "fillingDate": "2013-07-26 00:00:00",
        "acceptedDate": "2013-07-25 20:13:37",
        "period": "Q2",
        "revenue": 15704000000,
        "costOfRevenue": 13046000000,
        "grossProfit": 2658000000,
        "grossProfitRatio": 0.16925624044829343,
        "researchAndDevelopmentExpenses": 1586000000,
        "generalAndAdministrativeExpenses": 286000000,
        "sellingAndMarketingExpenses": 675000000,
        "otherExpenses": -38000000,
        "operatingExpenses": 2579000000,
        "costAndExpenses": 15625000000,
        "interestExpense": 33000000,
        "depreciationAndAmortization": 756000000,
        "ebitda": 835000000,
        "ebitdaratio": 0.05317116658176261,
        "operatingIncome": 79000000,
        "operatingIncomeRatio": 0.005030565461029037,
        "totalOtherIncomeExpensesNet": -38000000,
        "incomeBeforeTax": 17000000,
        "incomeBeforeTaxRatio": 0.0010825267447784005,
        "incomeTaxExpense": 13000000,
        "netIncome": -7000000.0,
        "netIncomeRatio": -0.000445746306673459,
        "eps": -0.02,
        "epsdiluted": -0.02,
        "weightedAverageShsOut": 456000000,
        "weightedAverageShsOutDil": 456000000,
        "link": "https://www.sec.gov/Archives/edgar/data/1018724/000119312513303204/0001193125-13-303204-index.html",
        "finalLink": "https://www.sec.gov/Archives/edgar/data/1018724/000119312513303204/d542614d10q.htm"
    },
    {
        "date": "2013-03-31",
        "symbol": "AMZN",
        "reportedCurrency": "USD",
        "fillingDate": "2013-04-26 00:00:00",
        "acceptedDate": "2013-04-25 19:36:25",
        "period": "Q1",
        "revenue": 16070000000,
        "costOfRevenue": 13597000000,
        "grossProfit": 2473000000,
        "grossProfitRatio": 0.153889234598631,
        "researchAndDevelopmentExpenses": 1383000000,
        "generalAndAdministrativeExpenses": 246000000,
        "sellingAndMarketingExpenses": 632000000,
        "otherExpenses": -77000000,
        "operatingExpenses": 2292000000,
        "costAndExpenses": 15889000000,
        "interestExpense": 33000000,
        "depreciationAndAmortization": 700000000,
        "ebitda": 881000000,
        "ebitdaratio": 0.05482265090230243,
        "operatingIncome": 181000000,
        "operatingIncomeRatio": 0.011263223397635346,
        "totalOtherIncomeExpensesNet": -77000000,
        "incomeBeforeTax": 81000000,
        "incomeBeforeTaxRatio": 0.005040448039825762,
        "incomeTaxExpense": -18000000,
        "netIncome": 82000000,
        "netIncomeRatio": 0.005102675793403858,
        "eps": 0.18021978021978022,
        "epsdiluted": 0.1771058315334773,
        "weightedAverageShsOut": 455000000,
        "weightedAverageShsOutDil": 463000000,
        "link": "https://www.sec.gov/Archives/edgar/data/1018724/000119312513174667/0001193125-13-174667-index.html",
        "finalLink": "https://www.sec.gov/Archives/edgar/data/1018724/000119312513174667/d492540d10q.htm"
    },
    {
        "date": "2012-12-31",
        "symbol": "AMZN",
        "reportedCurrency": "USD",
        "fillingDate": "2013-01-30 00:00:00",
        "acceptedDate": "2013-01-29 19:13:32",
        "period": "Q4",
        "revenue": 21268000000,
        "costOfRevenue": 22556000000,
        "grossProfit": -1288000000,
        "grossProfitRatio": -0.06056046642843709,
        "researchAndDevelopmentExpenses": 1345000000,
        "generalAndAdministrativeExpenses": -3927000000,
        "sellingAndMarketingExpenses": 851000000,
        "otherExpenses": -49000000,
        "operatingExpenses": 20863000000,
        "costAndExpenses": 20863000000,
        "interestExpense": 27000000,
        "depreciationAndAmortization": 662000000,
        "ebitda": 1067000000,
        "ebitdaratio": 0.050169268384427305,
        "operatingIncome": 405000000,
        "operatingIncomeRatio": 0.019042693248072222,
        "totalOtherIncomeExpensesNet": -49000000,
        "incomeBeforeTax": 337000000,
        "incomeBeforeTaxRatio": 0.015845401542223057,
        "incomeTaxExpense": 194000000,
        "netIncome": 98000000,
        "netIncomeRatio": 0.004607861576076735,
        "eps": 0.21585903083700442,
        "epsdiluted": 0.21258134490238612,
        "weightedAverageShsOut": 454000000,
        "weightedAverageShsOutDil": 461000000,
        "link": "https://www.sec.gov/Archives/edgar/data/1018724/000119312513028520/0001193125-13-028520-index.html",
        "finalLink": "https://www.sec.gov/Archives/edgar/data/1018724/000119312513028520/d445434d10k.htm"
    },
    {
        "date": "2012-09-30",
        "symbol": "AMZN",
        "reportedCurrency": "USD",
        "fillingDate": "2012-10-26 00:00:00",
        "acceptedDate": "2012-10-25 19:35:25",
        "period": "Q3",
        "revenue": 13806000000,
        "costOfRevenue": 10319000000,
        "grossProfit": 3487000000,
        "grossProfitRatio": 0.2525713457916848,
        "researchAndDevelopmentExpenses": 1192000000,
        "generalAndAdministrativeExpenses": 1740000000,
        "sellingAndMarketingExpenses": 540000000,
        "otherExpenses": 0.0,
        "operatingExpenses": 3515000000,
        "costAndExpenses": 13834000000,
        "interestExpense": 22000000,
        "depreciationAndAmortization": 554000000,
        "ebitda": 526000000,
        "ebitdaratio": 0.03809937708242793,
        "operatingIncome": -28000000,
        "operatingIncomeRatio": -0.0020281037230189774,
        "totalOtherIncomeExpensesNet": 18000000,
        "incomeBeforeTax": -22000000,
        "incomeBeforeTaxRatio": -0.0015935100680863393,
        "incomeTaxExpense": 83000000,
        "netIncome": -274000000,
        "netIncomeRatio": -0.019846443575257135,
        "eps": -0.6061946902654868,
        "epsdiluted": -0.5956521739130435,
        "weightedAverageShsOut": 452000000,
        "weightedAverageShsOutDil": 460000000,
        "link": "https://www.sec.gov/Archives/edgar/data/1018724/000119312512436012/0001193125-12-436012-index.html",
        "finalLink": "https://www.sec.gov/Archives/edgar/data/1018724/000119312512436012/d403488d10q.htm"
    },
    {
        "date": "2012-06-30",
        "symbol": "AMZN",
        "reportedCurrency": "USD",
        "fillingDate": "2012-07-27 00:00:00",
        "acceptedDate": "2012-07-26 20:02:00",
        "period": "Q2",
        "revenue": 12834000000,
        "costOfRevenue": 9488000000,
        "grossProfit": 3346000000,
        "grossProfitRatio": 0.2607137291569269,
        "researchAndDevelopmentExpenses": 1082000000,
        "generalAndAdministrativeExpenses": 1588000000,
        "sellingAndMarketingExpenses": 537000000,
        "otherExpenses": 0.0,
        "operatingExpenses": 3239000000,
        "costAndExpenses": 12727000000,
        "interestExpense": 21000000,
        "depreciationAndAmortization": 485000000,
        "ebitda": 592000000,
        "ebitdaratio": 0.04612747389745987,
        "operatingIncome": 107000000,
        "operatingIncomeRatio": 0.008337229234844944,
        "totalOtherIncomeExpensesNet": 50000000,
        "incomeBeforeTax": 146000000,
        "incomeBeforeTaxRatio": 0.011376032413900576,
        "incomeTaxExpense": 109000000,
        "netIncome": 7000000.0,
        "netIncomeRatio": 0.0005454262116253701,
        "eps": 0.02,
        "epsdiluted": 0.01,
        "weightedAverageShsOut": 451000000,
        "weightedAverageShsOutDil": 458000000,
        "link": "https://www.sec.gov/Archives/edgar/data/1018724/000119312512317409/0001193125-12-317409-index.html",
        "finalLink": "https://www.sec.gov/Archives/edgar/data/1018724/000119312512317409/d363661d10q.htm"
    },
    {
        "date": "2012-03-31",
        "symbol": "AMZN",
        "reportedCurrency": "USD",
        "fillingDate": "2012-04-27",
        "acceptedDate": "2012-04-26 21:25:46",
        "period": "Q1",
        "revenue": 13185000000,
        "costOfRevenue": 10027000000,
        "grossProfit": 3158000000,
        "grossProfitRatio": 0.23951459992415625,
        "researchAndDevelopmentExpenses": 945000000,
        "generalAndAdministrativeExpenses": 1495000000,
        "sellingAndMarketingExpenses": 480000000,
        "otherExpenses": 0.0,
        "operatingExpenses": 2920000000,
        "costAndExpenses": 12947000000,
        "interestExpense": 21000000,
        "depreciationAndAmortization": 457000000,
        "ebitda": 695000000,
        "ebitdaratio": 0.052711414486158514,
        "operatingIncome": 238000000,
        "operatingIncomeRatio": 0.018050815320439895,
        "totalOtherIncomeExpensesNet": -145000000,
        "incomeBeforeTax": 84000000,
        "incomeBeforeTaxRatio": 0.006370875995449375,
        "incomeTaxExpense": 43000000,
        "netIncome": 130000000,
        "netIncomeRatio": 0.009859689040576413,
        "eps": 0.29,
        "epsdiluted": 0.28,
        "weightedAverageShsOut": 453000000,
        "weightedAverageShsOutDil": 460000000,
        "link": "https://www.sec.gov/Archives/edgar/data/1018724/000119312512032846/d269317d10k.htm",
        "finalLink": "https://www.sec.gov/Archives/edgar/data/1018724/000119312512032846/d269317d10k.htm"
    },
    {
        "date": "2011-12-31",
        "symbol": "AMZN",
        "reportedCurrency": "USD",
        "fillingDate": "2012-02-01 00:00:00",
        "acceptedDate": "2012-01-31 21:58:32",
        "period": "Q4",
        "revenue": 17431000000,
        "costOfRevenue": 13831000000,
        "grossProfit": 3600000000,
        "grossProfitRatio": 0.20652859847398314,
        "researchAndDevelopmentExpenses": 862000000,
        "generalAndAdministrativeExpenses": 1843000000,
        "sellingAndMarketingExpenses": 593000000,
        "otherExpenses": 0.0,
        "operatingExpenses": 3298000000,
        "costAndExpenses": 17129000000,
        "interestExpense": 20000000,
        "depreciationAndAmortization": 359000000,
        "ebitda": 661000000,
        "ebitdaratio": 0.03792094544202857,
        "operatingIncome": 302000000,
        "operatingIncomeRatio": 0.01732545464976192,
        "totalOtherIncomeExpensesNet": -23000000,
        "incomeBeforeTax": 273000000,
        "incomeBeforeTaxRatio": 0.015661752050943722,
        "incomeTaxExpense": 86000000,
        "netIncome": 177000000,
        "netIncomeRatio": 0.010154322758304172,
        "eps": 0.39072847682119205,
        "epsdiluted": 0.39072847682119205,
        "weightedAverageShsOut": 453000000,
        "weightedAverageShsOutDil": 453000000,
        "link": "https://www.sec.gov/Archives/edgar/data/1018724/000119312512032846/0001193125-12-032846-index.html",
        "finalLink": "https://www.sec.gov/Archives/edgar/data/1018724/000119312512032846/d269317d10k.htm"
    },
    {
        "date": "2011-09-30",
        "symbol": "AMZN",
        "reportedCurrency": "USD",
        "fillingDate": "2011-10-26 00:00:00",
        "acceptedDate": "2011-10-25 21:10:22",
        "period": "Q3",
        "revenue": 10876000000,
        "costOfRevenue": 8325000000,
        "grossProfit": 2551000000,
        "grossProfitRatio": 0.23455314453843326,
        "researchAndDevelopmentExpenses": 769000000,
        "generalAndAdministrativeExpenses": 1296000000,
        "sellingAndMarketingExpenses": 370000000,
        "otherExpenses": 0.0,
        "operatingExpenses": 2435000000,
        "costAndExpenses": 10760000000,
        "interestExpense": 17000000,
        "depreciationAndAmortization": 278000000,
        "ebitda": 394000000,
        "ebitdaratio": 0.03622655388010298,
        "operatingIncome": 116000000,
        "operatingIncomeRatio": 0.010665685913938948,
        "totalOtherIncomeExpensesNet": 15000000,
        "incomeBeforeTax": 130000000,
        "incomeBeforeTaxRatio": 0.011952923869069512,
        "incomeTaxExpense": 67000000,
        "netIncome": 63000000,
        "netIncomeRatio": 0.005792570798087532,
        "eps": 0.13876651982378854,
        "epsdiluted": 0.13665943600867678,
        "weightedAverageShsOut": 454000000,
        "weightedAverageShsOutDil": 461000000,
        "link": "https://www.sec.gov/Archives/edgar/data/1018724/000119312511280739/0001193125-11-280739-index.html",
        "finalLink": "https://www.sec.gov/Archives/edgar/data/1018724/000119312511280739/d233845d10q.htm"
    },
    {
        "date": "2011-06-30",
        "symbol": "AMZN",
        "reportedCurrency": "USD",
        "fillingDate": "2011-07-27 00:00:00",
        "acceptedDate": "2011-07-26 21:56:04",
        "period": "Q2",
        "revenue": 9913000000,
        "costOfRevenue": 7525000000,
        "grossProfit": 2388000000,
        "grossProfitRatio": 0.24089579340260264,
        "researchAndDevelopmentExpenses": 698000000,
        "generalAndAdministrativeExpenses": 1107000000,
        "sellingAndMarketingExpenses": 341000000,
        "otherExpenses": 0.0,
        "operatingExpenses": 2146000000,
        "costAndExpenses": 9671000000,
        "interestExpense": 15000000,
        "depreciationAndAmortization": 244000000,
        "ebitda": 486000000,
        "ebitdaratio": 0.04902653081811762,
        "operatingIncome": 242000000,
        "operatingIncomeRatio": 0.024412387773630587,
        "totalOtherIncomeExpensesNet": -18000000,
        "incomeBeforeTax": 225000000,
        "incomeBeforeTaxRatio": 0.022697467971350752,
        "incomeTaxExpense": 49000000,
        "netIncome": 191000000,
        "netIncomeRatio": 0.019267628366791082,
        "eps": 0.42,
        "epsdiluted": 0.41,
        "weightedAverageShsOut": 453000000,
        "weightedAverageShsOutDil": 460000000,
        "link": "https://www.sec.gov/Archives/edgar/data/1018724/000119312511197823/0001193125-11-197823-index.html",
        "finalLink": "https://www.sec.gov/Archives/edgar/data/1018724/000119312511197823/d10q.htm"
    },
    {
        "date": "2011-03-31",
        "symbol": "AMZN",
        "reportedCurrency": "USD",
        "fillingDate": "2011-04-27 00:00:00",
        "acceptedDate": "2011-04-26 21:39:57",
        "period": "Q1",
        "revenue": 9857000000,
        "costOfRevenue": 7608000000,
        "grossProfit": 2249000000,
        "grossProfitRatio": 0.22816272699604342,
        "researchAndDevelopmentExpenses": 579000000,
        "generalAndAdministrativeExpenses": 988000000,
        "sellingAndMarketingExpenses": 327000000,
        "otherExpenses": 0.0,
        "operatingExpenses": 1894000000,
        "costAndExpenses": 9502000000,
        "interestExpense": 12000000,
        "depreciationAndAmortization": 202000000,
        "ebitda": 557000000,
        "ebitdaratio": 0.056508065334280204,
        "operatingIncome": 355000000,
        "operatingIncomeRatio": 0.036015014710358124,
        "totalOtherIncomeExpensesNet": -51000000,
        "incomeBeforeTax": 307000000,
        "incomeBeforeTaxRatio": 0.03114537891853505,
        "incomeTaxExpense": 89000000,
        "netIncome": 201000000,
        "netIncomeRatio": 0.020391599878259104,
        "eps": 0.44567627494456763,
        "epsdiluted": 0.43790849673202614,
        "weightedAverageShsOut": 451000000,
        "weightedAverageShsOutDil": 459000000,
        "link": "https://www.sec.gov/Archives/edgar/data/1018724/000119312511110197/0001193125-11-110197-index.html",
        "finalLink": "https://www.sec.gov/Archives/edgar/data/1018724/000119312511110197/d10q.htm"
    },
    {
        "date": "2010-12-31",
        "symbol": "AMZN",
        "reportedCurrency": "USD",
        "fillingDate": "2011-01-28",
        "acceptedDate": "2011-01-27 20:08:28",
        "period": "Q4",
        "revenue": 12947000000,
        "costOfRevenue": 10317000000,
        "grossProfit": 2630000000,
        "grossProfitRatio": 0.20313586158955743,
        "researchAndDevelopmentExpenses": 518000000,
        "generalAndAdministrativeExpenses": 1233000000,
        "sellingAndMarketingExpenses": 376000000,
        "otherExpenses": 0.0,
        "operatingExpenses": 2127000000,
        "costAndExpenses": 12444000000,
        "interestExpense": 11000000,
        "depreciationAndAmortization": 169000000,
        "ebitda": 672000000,
        "ebitdaratio": 0.051903915965088435,
        "operatingIncome": 503000000,
        "operatingIncomeRatio": 0.03885069900363018,
        "totalOtherIncomeExpensesNet": 0.0,
        "incomeBeforeTax": 507000000,
        "incomeBeforeTaxRatio": 0.03915965088437476,
        "incomeTaxExpense": 85000000,
        "netIncome": 416000000,
        "netIncomeRatio": 0.0321309955974357,
        "eps": 0.9223946784922394,
        "epsdiluted": 0.9223946784922394,
        "weightedAverageShsOut": 451000000,
        "weightedAverageShsOutDil": 451000000,
        "link": "https://www.sec.gov/Archives/edgar/data/1018724/000119312511016253/d10k.htm",
        "finalLink": "https://www.sec.gov/Archives/edgar/data/1018724/000119312511016253/d10k.htm"
    },
    {
        "date": "2010-09-30",
        "symbol": "AMZN",
        "reportedCurrency": "USD",
        "fillingDate": "2010-10-22 00:00:00",
        "acceptedDate": "2010-10-21 20:02:18",
        "period": "Q3",
        "revenue": 7560000000,
        "costOfRevenue": 5786000000,
        "grossProfit": 1774000000,
        "grossProfitRatio": 0.23465608465608465,
        "researchAndDevelopmentExpenses": 442000000,
        "generalAndAdministrativeExpenses": 797000000,
        "sellingAndMarketingExpenses": 241000000,
        "otherExpenses": 0.0,
        "operatingExpenses": 1480000000,
        "costAndExpenses": 7266000000,
        "interestExpense": 11000000,
        "depreciationAndAmortization": 150000000,
        "ebitda": 444000000,
        "ebitdaratio": 0.05873015873015873,
        "operatingIncome": 294000000,
        "operatingIncomeRatio": 0.03888888888888889,
        "totalOtherIncomeExpensesNet": -4000000.0,
        "incomeBeforeTax": 292000000,
        "incomeBeforeTaxRatio": 0.038624338624338624,
        "incomeTaxExpense": 79000000,
        "netIncome": 231000000,
        "netIncomeRatio": 0.030555555555555555,
        "eps": 0.515625,
        "epsdiluted": 0.506578947368421,
        "weightedAverageShsOut": 448000000,
        "weightedAverageShsOutDil": 456000000,
        "link": "https://www.sec.gov/Archives/edgar/data/1018724/000119312510233883/0001193125-10-233883-index.html",
        "finalLink": "https://www.sec.gov/Archives/edgar/data/1018724/000119312510233883/d10q.htm"
    },
    {
        "date": "2010-06-30",
        "symbol": "AMZN",
        "reportedCurrency": "USD",
        "fillingDate": "2010-07-23 00:00:00",
        "acceptedDate": "2010-07-22 19:45:58",
        "period": "Q2",
        "revenue": 6566000000,
        "costOfRevenue": 4957000000,
        "grossProfit": 1609000000,
        "grossProfitRatio": 0.24505025890953397,
        "researchAndDevelopmentExpenses": 408000000,
        "generalAndAdministrativeExpenses": 695000000,
        "sellingAndMarketingExpenses": 211000000,
        "otherExpenses": 0.0,
        "operatingExpenses": 1314000000,
        "costAndExpenses": 6271000000,
        "interestExpense": 9000000.0,
        "depreciationAndAmortization": 130000000,
        "ebitda": 425000000,
        "ebitdaratio": 0.06472738349070972,
        "operatingIncome": 295000000,
        "operatingIncomeRatio": 0.04492841912884557,
        "totalOtherIncomeExpensesNet": -1000000.0,
        "incomeBeforeTax": 297000000,
        "incomeBeforeTaxRatio": 0.04523301858056655,
        "incomeTaxExpense": 88000000,
        "netIncome": 207000000,
        "netIncomeRatio": 0.031526043253122145,
        "eps": 0.46,
        "epsdiluted": 0.45,
        "weightedAverageShsOut": 447000000,
        "weightedAverageShsOutDil": 455000000,
        "link": "https://www.sec.gov/Archives/edgar/data/1018724/000119312510164083/0001193125-10-164083-index.html",
        "finalLink": "https://www.sec.gov/Archives/edgar/data/1018724/000119312510164083/d10q.htm"
    },
    {
        "date": "2010-03-31",
        "symbol": "AMZN",
        "reportedCurrency": "USD",
        "fillingDate": "2010-04-23 00:00:00",
        "acceptedDate": "2010-04-22 18:54:49",
        "period": "Q1",
        "revenue": 7131000000,
        "costOfRevenue": 5501000000,
        "grossProfit": 1630000000,
        "grossProfitRatio": 0.22857944187351004,
        "researchAndDevelopmentExpenses": 0.0,
        "generalAndAdministrativeExpenses": 1009000000,
        "sellingAndMarketingExpenses": 201000000,
        "otherExpenses": 0.0,
        "operatingExpenses": 1236000000,
        "costAndExpenses": 6737000000,
        "interestExpense": 7000000.0,
        "depreciationAndAmortization": 119000000,
        "ebitda": 513000000,
        "ebitdaratio": 0.0719394194362642,
        "operatingIncome": 394000000,
        "operatingIncomeRatio": 0.055251717851633714,
        "totalOtherIncomeExpensesNet": 3000000.0,
        "incomeBeforeTax": 401000000,
        "incomeBeforeTaxRatio": 0.05623334735661198,
        "incomeTaxExpense": 100000000,
        "netIncome": 299000000,
        "netIncomeRatio": 0.04192960314121442,
        "eps": 0.67,
        "epsdiluted": 0.66,
        "weightedAverageShsOut": 445000000,
        "weightedAverageShsOutDil": 454000000,
        "link": "https://www.sec.gov/Archives/edgar/data/1018724/000119312510090367/0001193125-10-090367-index.html",
        "finalLink": "https://www.sec.gov/Archives/edgar/data/1018724/000119312510090367/d10q.htm"
    },
    {
        "date": "2009-12-31",
        "symbol": "AMZN",
        "reportedCurrency": "USD",
        "fillingDate": "2010-01-29 00:00:00",
        "acceptedDate": "2010-01-28 21:42:22",
        "period": "Q4",
        "revenue": 9520000000,
        "costOfRevenue": 7543000000,
        "grossProfit": 1977000000,
        "grossProfitRatio": 0.20766806722689077,
        "researchAndDevelopmentExpenses": 0.0,
        "generalAndAdministrativeExpenses": -35000000,
        "sellingAndMarketingExpenses": 274000000,
        "otherExpenses": 0.0,
        "operatingExpenses": 1399000000,
        "costAndExpenses": 8942000000,
        "interestExpense": 8000000.0,
        "depreciationAndAmortization": 112000000,
        "ebitda": 690000000,
        "ebitdaratio": 0.07247899159663866,
        "operatingIncome": 578000000,
        "operatingIncomeRatio": 0.060714285714285714,
        "totalOtherIncomeExpensesNet": -108000000,
        "incomeBeforeTax": 471000000,
        "incomeBeforeTaxRatio": 0.049474789915966384,
        "incomeTaxExpense": 84000000,
        "netIncome": 384000000,
        "netIncomeRatio": 0.040336134453781515,
        "eps": 0.8629213483146068,
        "epsdiluted": 0.8629213483146068,
        "weightedAverageShsOut": 445000000,
        "weightedAverageShsOutDil": 445000000,
        "link": "https://www.sec.gov/Archives/edgar/data/1018724/000119312510016098/0001193125-10-016098-index.html",
        "finalLink": "https://www.sec.gov/Archives/edgar/data/1018724/000119312510016098/d10k.htm"
    },
    {
        "date": "2009-09-30",
        "symbol": "AMZN",
        "reportedCurrency": "USD",
        "fillingDate": "2009-10-23 00:00:00",
        "acceptedDate": "2009-10-22 18:34:19",
        "period": "Q3",
        "revenue": 5449000000,
        "costOfRevenue": 4176000000,
        "grossProfit": 1273000000,
        "grossProfitRatio": 0.23362084786199303,
        "researchAndDevelopmentExpenses": 0.0,
        "generalAndAdministrativeExpenses": 864000000,
        "sellingAndMarketingExpenses": 149000000,
        "otherExpenses": 0.0,
        "operatingExpenses": 1022000000,
        "costAndExpenses": 5198000000,
        "interestExpense": 7000000.0,
        "depreciationAndAmortization": 96000000,
        "ebitda": 347000000,
        "ebitdaratio": 0.06368140943292347,
        "operatingIncome": 251000000,
        "operatingIncomeRatio": 0.046063497889521014,
        "totalOtherIncomeExpensesNet": 11000000,
        "incomeBeforeTax": 262000000,
        "incomeBeforeTaxRatio": 0.04808221692053588,
        "incomeTaxExpense": 60000000,
        "netIncome": 199000000,
        "netIncomeRatio": 0.03652046247017801,
        "eps": 0.46,
        "epsdiluted": 0.45,
        "weightedAverageShsOut": 432000000,
        "weightedAverageShsOutDil": 441000000,
        "link": "https://www.sec.gov/Archives/edgar/data/1018724/000119312509212134/0001193125-09-212134-index.html",
        "finalLink": "https://www.sec.gov/Archives/edgar/data/1018724/000119312509212134/d10q.htm"
    },
    {
        "date": "2009-06-30",
        "symbol": "AMZN",
        "reportedCurrency": "USD",
        "fillingDate": "2009-07-24 00:00:00",
        "acceptedDate": "2009-07-23 18:14:16",
        "period": "Q2",
        "revenue": 4651000000,
        "costOfRevenue": 3518000000,
        "grossProfit": 1133000000,
        "grossProfitRatio": 0.24360352612341432,
        "researchAndDevelopmentExpenses": 0.0,
        "generalAndAdministrativeExpenses": 785000000,
        "sellingAndMarketingExpenses": 129000000,
        "otherExpenses": 0.0,
        "operatingExpenses": 974000000,
        "costAndExpenses": 4492000000,
        "interestExpense": 7000000.0,
        "depreciationAndAmortization": 84000000,
        "ebitda": 243000000,
        "ebitdaratio": 0.05224682863900237,
        "operatingIncome": 159000000,
        "operatingIncomeRatio": 0.03418619651687809,
        "totalOtherIncomeExpensesNet": 19000000,
        "incomeBeforeTax": 179000000,
        "incomeBeforeTaxRatio": 0.038486347022145775,
        "incomeTaxExpense": 39000000,
        "netIncome": 142000000,
        "netIncomeRatio": 0.03053106858740056,
        "eps": 0.33,
        "epsdiluted": 0.32,
        "weightedAverageShsOut": 431000000,
        "weightedAverageShsOutDil": 440000000,
        "link": "https://www.sec.gov/Archives/edgar/data/1018724/000119312509154174/0001193125-09-154174-index.html",
        "finalLink": "https://www.sec.gov/Archives/edgar/data/1018724/000119312509154174/d10q.htm"
    },
    {
        "date": "2009-03-31",
        "symbol": "AMZN",
        "reportedCurrency": "USD",
        "fillingDate": "2009-04-24 00:00:00",
        "acceptedDate": "2009-04-23 18:54:30",
        "period": "Q1",
        "revenue": 4889000000,
        "costOfRevenue": 3741000000,
        "grossProfit": 1148000000,
        "grossProfitRatio": 0.23481284516260995,
        "researchAndDevelopmentExpenses": 0.0,
        "generalAndAdministrativeExpenses": 765000000,
        "sellingAndMarketingExpenses": 128000000,
        "otherExpenses": 0.0,
        "operatingExpenses": 904000000,
        "costAndExpenses": 4645000000,
        "interestExpense": 12000000,
        "depreciationAndAmortization": 87000000,
        "ebitda": 331000000,
        "ebitdaratio": 0.0677030067498466,
        "operatingIncome": 244000000,
        "operatingIncomeRatio": 0.04990795663734915,
        "totalOtherIncomeExpensesNet": 4000000.0,
        "incomeBeforeTax": 248000000,
        "incomeBeforeTaxRatio": 0.05072611986091225,
        "incomeTaxExpense": 69000000,
        "netIncome": 177000000,
        "netIncomeRatio": 0.03620372264266721,
        "eps": 0.4125874125874126,
        "epsdiluted": 0.40503432494279173,
        "weightedAverageShsOut": 429000000,
        "weightedAverageShsOutDil": 437000000,
        "link": "https://www.sec.gov/Archives/edgar/data/1018724/000119312509085983/0001193125-09-085983-index.html",
        "finalLink": "https://www.sec.gov/Archives/edgar/data/1018724/000119312509085983/d10q.htm"
    },
    {
        "date": "2008-12-31",
        "symbol": "AMZN",
        "reportedCurrency": "USD",
        "fillingDate": "2009-01-30 00:00:00",
        "acceptedDate": "2009-01-29 18:48:15",
        "period": "Q4",
        "revenue": 6703000000,
        "costOfRevenue": 5355000000,
        "grossProfit": 1348000000,
        "grossProfitRatio": 0.20110398329106371,
        "researchAndDevelopmentExpenses": 278000000,
        "generalAndAdministrativeExpenses": 0.0,
        "sellingAndMarketingExpenses": 0.0,
        "otherExpenses": 0.0,
        "operatingExpenses": 1099000000,
        "costAndExpenses": 6454000000,
        "interestExpense": 0.0,
        "depreciationAndAmortization": 77000000,
        "ebitda": 326000000,
        "ebitdaratio": 0.04863493957929285,
        "operatingIncome": 249000000,
        "operatingIncomeRatio": 0.03714754587498135,
        "totalOtherIncomeExpensesNet": 28000000,
        "incomeBeforeTax": 303000000,
        "incomeBeforeTaxRatio": 0.04520364016112188,
        "incomeTaxExpense": 80000000,
        "netIncome": 225000000,
        "netIncomeRatio": 0.03356705952558556,
        "eps": 0.5244755244755245,
        "epsdiluted": 0.5244755244755245,
        "weightedAverageShsOut": 429000000,
        "weightedAverageShsOutDil": 429000000,
        "link": "https://www.sec.gov/Archives/edgar/data/1018724/000119312509014406/0001193125-09-014406-index.html",
        "finalLink": "https://www.sec.gov/Archives/edgar/data/1018724/000119312509014406/d10k.htm"
    },
    {
        "date": "2008-09-30",
        "symbol": "AMZN",
        "reportedCurrency": "USD",
        "fillingDate": "2008-10-22 00:00:00",
        "acceptedDate": "2008-10-22 17:10:04",
        "period": "Q3",
        "revenue": 4264000000,
        "costOfRevenue": 3265000000,
        "grossProfit": 999000000,
        "grossProfitRatio": 0.23428705440900563,
        "researchAndDevelopmentExpenses": 264000000,
        "generalAndAdministrativeExpenses": 0.0,
        "sellingAndMarketingExpenses": 0.0,
        "otherExpenses": 0.0,
        "operatingExpenses": 845000000,
        "costAndExpenses": 4110000000,
        "interestExpense": 0.0,
        "depreciationAndAmortization": 76000000,
        "ebitda": 230000000,
        "ebitdaratio": 0.053939962476547844,
        "operatingIncome": 154000000,
        "operatingIncomeRatio": 0.036116322701688554,
        "totalOtherIncomeExpensesNet": 12000000,
        "incomeBeforeTax": 182000000,
        "incomeBeforeTaxRatio": 0.042682926829268296,
        "incomeTaxExpense": 59000000,
        "netIncome": 118000000,
        "netIncomeRatio": 0.027673545966228893,
        "eps": 0.28,
        "epsdiluted": 0.27,
        "weightedAverageShsOut": 427000000,
        "weightedAverageShsOutDil": 436000000,
        "link": "https://www.sec.gov/Archives/edgar/data/1018724/000119312508214483/0001193125-08-214483-index.html",
        "finalLink": "https://www.sec.gov/Archives/edgar/data/1018724/000119312508214483/d10q.htm"
    },
    {
        "date": "2008-06-30",
        "symbol": "AMZN",
        "reportedCurrency": "USD",
        "fillingDate": "2008-07-25 00:00:00",
        "acceptedDate": "2008-07-24 20:20:10",
        "period": "Q2",
        "revenue": 4063000000,
        "costOfRevenue": 3096000000,
        "grossProfit": 967000000,
        "grossProfitRatio": 0.23800147674132416,
        "researchAndDevelopmentExpenses": 258000000,
        "generalAndAdministrativeExpenses": 0.0,
        "sellingAndMarketingExpenses": 0.0,
        "otherExpenses": 0.0,
        "operatingExpenses": 750000000,
        "costAndExpenses": 3846000000,
        "interestExpense": 0.0,
        "depreciationAndAmortization": 133000000,
        "ebitda": 350000000,
        "ebitdaratio": 0.08614324390844204,
        "operatingIncome": 217000000,
        "operatingIncomeRatio": 0.053408811223234064,
        "totalOtherIncomeExpensesNet": 33000000,
        "incomeBeforeTax": 208000000,
        "incomeBeforeTaxRatio": 0.051193699237016985,
        "incomeTaxExpense": 46000000,
        "netIncome": 158000000,
        "netIncomeRatio": 0.03888752153581098,
        "eps": 0.38,
        "epsdiluted": 0.37,
        "weightedAverageShsOut": 420000000,
        "weightedAverageShsOutDil": 430000000,
        "link": "https://www.sec.gov/Archives/edgar/data/1018724/000119312508157451/0001193125-08-157451-index.html",
        "finalLink": "https://www.sec.gov/Archives/edgar/data/1018724/000119312508157451/d10q.htm"
    },
    {
        "date": "2008-03-31",
        "symbol": "AMZN",
        "reportedCurrency": "USD",
        "fillingDate": "2008-04-25 00:00:00",
        "acceptedDate": "2008-04-24 17:33:42",
        "period": "Q1",
        "revenue": 4135000000,
        "costOfRevenue": 3179000000,
        "grossProfit": 956000000,
        "grossProfitRatio": 0.23119709794437726,
        "researchAndDevelopmentExpenses": 234000000,
        "generalAndAdministrativeExpenses": 0.0,
        "sellingAndMarketingExpenses": 0.0,
        "otherExpenses": 0.0,
        "operatingExpenses": 758000000,
        "costAndExpenses": 3937000000,
        "interestExpense": 0.0,
        "depreciationAndAmortization": 1000000.0,
        "ebitda": 199000000,
        "ebitdaratio": 0.04812575574365175,
        "operatingIncome": 198000000,
        "operatingIncomeRatio": 0.04788391777509069,
        "totalOtherIncomeExpensesNet": 3000000.0,
        "incomeBeforeTax": 207000000,
        "incomeBeforeTaxRatio": 0.05006045949214027,
        "incomeTaxExpense": 62000000,
        "netIncome": 143000000,
        "netIncomeRatio": 0.034582829504232165,
        "eps": 0.34292565947242204,
        "epsdiluted": 0.33568075117370894,
        "weightedAverageShsOut": 417000000,
        "weightedAverageShsOutDil": 426000000,
        "link": "https://www.sec.gov/Archives/edgar/data/1018724/000119312508089548/0001193125-08-089548-index.html",
        "finalLink": "https://www.sec.gov/Archives/edgar/data/1018724/000119312508089548/d10q.htm"
    },
    {
        "date": "2007-12-31",
        "symbol": "AMZN",
        "reportedCurrency": "USD",
        "fillingDate": "2008-02-11",
        "acceptedDate": "2008-02-08 21:43:32",
        "period": "Q4",
        "revenue": 5672000000,
        "costOfRevenue": 4502000000,
        "grossProfit": 1170000000,
        "grossProfitRatio": 0.20627644569816644,
        "researchAndDevelopmentExpenses": 222000000,
        "generalAndAdministrativeExpenses": 0.0,
        "sellingAndMarketingExpenses": 0.0,
        "otherExpenses": 0.0,
        "operatingExpenses": 890000000,
        "costAndExpenses": 5392000000,
        "interestExpense": 0.0,
        "depreciationAndAmortization": 63000000,
        "ebitda": 343000000,
        "ebitdaratio": 0.060472496473906914,
        "operatingIncome": 280000000,
        "operatingIncomeRatio": 0.04936530324400564,
        "totalOtherIncomeExpensesNet": -7000000.0,
        "incomeBeforeTax": 281000000,
        "incomeBeforeTaxRatio": 0.04954160789844852,
        "incomeTaxExpense": 74000000,
        "netIncome": 207000000,
        "netIncomeRatio": 0.0364950634696756,
        "eps": 0.49640287769784175,
        "epsdiluted": 0.49640287769784175,
        "weightedAverageShsOut": 417000000,
        "weightedAverageShsOutDil": 417000000,
        "link": "https://www.sec.gov/Archives/edgar/data/1018724/000119312508024707/d10k.htm",
        "finalLink": "https://www.sec.gov/Archives/edgar/data/1018724/000119312508024707/d10k.htm"
    },
    {
        "date": "2007-09-30",
        "symbol": "AMZN",
        "reportedCurrency": "USD",
        "fillingDate": "2007-10-25 00:00:00",
        "acceptedDate": "2007-10-25 09:00:24",
        "period": "Q3",
        "revenue": 3262000000,
        "costOfRevenue": 2500000000,
        "grossProfit": 762000000,
        "grossProfitRatio": 0.23359901900674432,
        "researchAndDevelopmentExpenses": 209000000,
        "generalAndAdministrativeExpenses": 0.0,
        "sellingAndMarketingExpenses": 0.0,
        "otherExpenses": 0.0,
        "operatingExpenses": 639000000,
        "costAndExpenses": 3139000000,
        "interestExpense": 0.0,
        "depreciationAndAmortization": 61000000,
        "ebitda": 184000000,
        "ebitdaratio": 0.056407112201103615,
        "operatingIncome": 123000000,
        "operatingIncomeRatio": 0.03770692826486818,
        "totalOtherIncomeExpensesNet": -3000000.0,
        "incomeBeforeTax": 124000000,
        "incomeBeforeTaxRatio": 0.03801348865726548,
        "incomeTaxExpense": 44000000,
        "netIncome": 80000000,
        "netIncomeRatio": 0.024524831391784182,
        "eps": 0.1932367149758454,
        "epsdiluted": 0.18823529411764706,
        "weightedAverageShsOut": 414000000,
        "weightedAverageShsOutDil": 425000000,
        "link": "https://www.sec.gov/Archives/edgar/data/1018724/000119312507225370/0001193125-07-225370-index.html",
        "finalLink": "https://www.sec.gov/Archives/edgar/data/1018724/000119312507225370/d10q.htm"
    },
    {
        "date": "2007-06-30",
        "symbol": "AMZN",
        "reportedCurrency": "USD",
        "fillingDate": "2007-07-26 00:00:00",
        "acceptedDate": "2007-07-26 09:00:48",
        "period": "Q2",
        "revenue": 2886000000,
        "costOfRevenue": 2185000000,
        "grossProfit": 701000000,
        "grossProfitRatio": 0.2428967428967429,
        "researchAndDevelopmentExpenses": 201000000,
        "generalAndAdministrativeExpenses": 0.0,
        "sellingAndMarketingExpenses": 0.0,
        "otherExpenses": 0.0,
        "operatingExpenses": 585000000,
        "costAndExpenses": 2770000000,
        "interestExpense": 0.0,
        "depreciationAndAmortization": 60000000,
        "ebitda": 176000000,
        "ebitdaratio": 0.060984060984060985,
        "operatingIncome": 116000000,
        "operatingIncomeRatio": 0.040194040194040194,
        "totalOtherIncomeExpensesNet": -6000000.0,
        "incomeBeforeTax": 111000000,
        "incomeBeforeTaxRatio": 0.038461538461538464,
        "incomeTaxExpense": 33000000,
        "netIncome": 78000000,
        "netIncomeRatio": 0.02702702702702703,
        "eps": 0.18932038834951456,
        "epsdiluted": 0.18439716312056736,
        "weightedAverageShsOut": 412000000,
        "weightedAverageShsOutDil": 423000000,
        "link": "https://www.sec.gov/Archives/edgar/data/1018724/000119312507162415/0001193125-07-162415-index.html",
        "finalLink": "https://www.sec.gov/Archives/edgar/data/1018724/000119312507162415/d10q.htm"
    },
    {
        "date": "2007-03-31",
        "symbol": "AMZN",
        "reportedCurrency": "USD",
        "fillingDate": "2007-04-26 00:00:00",
        "acceptedDate": "2007-04-26 06:34:52",
        "period": "Q1",
        "revenue": 3015000000,
        "costOfRevenue": 2296000000,
        "grossProfit": 719000000,
        "grossProfitRatio": 0.23847429519071311,
        "researchAndDevelopmentExpenses": 186000000,
        "generalAndAdministrativeExpenses": 0.0,
        "sellingAndMarketingExpenses": 0.0,
        "otherExpenses": 0.0,
        "operatingExpenses": 574000000,
        "costAndExpenses": 2870000000,
        "interestExpense": 0.0,
        "depreciationAndAmortization": 62000000,
        "ebitda": 207000000,
        "ebitdaratio": 0.06865671641791045,
        "operatingIncome": 145000000,
        "operatingIncomeRatio": 0.04809286898839138,
        "totalOtherIncomeExpensesNet": -2000000.0,
        "incomeBeforeTax": 144000000,
        "incomeBeforeTaxRatio": 0.04776119402985075,
        "incomeTaxExpense": 33000000,
        "netIncome": 111000000,
        "netIncomeRatio": 0.03681592039800995,
        "eps": 0.27,
        "epsdiluted": 0.26,
        "weightedAverageShsOut": 412000000,
        "weightedAverageShsOutDil": 420000000,
        "link": "https://www.sec.gov/Archives/edgar/data/1018724/000119312507090895/0001193125-07-090895-index.html",
        "finalLink": "https://www.sec.gov/Archives/edgar/data/1018724/000119312507090895/d10q.htm"
    },
    {
        "date": "2006-12-31",
        "symbol": "AMZN",
        "reportedCurrency": "USD",
        "fillingDate": "2007-02-16",
        "acceptedDate": "2007-02-16 16:14:12",
        "period": "Q4",
        "revenue": 3986000000,
        "costOfRevenue": 3136000000,
        "grossProfit": 850000000,
        "grossProfitRatio": 0.21324636226793778,
        "researchAndDevelopmentExpenses": 177000000,
        "generalAndAdministrativeExpenses": 0.0,
        "sellingAndMarketingExpenses": 0.0,
        "otherExpenses": 0.0,
        "operatingExpenses": 643000000,
        "costAndExpenses": 3779000000,
        "interestExpense": 0.0,
        "depreciationAndAmortization": 59000000,
        "ebitda": 266000000,
        "ebitdaratio": 0.06673356748620171,
        "operatingIncome": 207000000,
        "operatingIncomeRatio": 0.05193176116407426,
        "totalOtherIncomeExpensesNet": -17000000,
        "incomeBeforeTax": 188000000,
        "incomeBeforeTaxRatio": 0.04716507777220271,
        "incomeTaxExpense": 91000000,
        "netIncome": 97000000,
        "netIncomeRatio": 0.024335173105870547,
        "eps": 0.2354368932038835,
        "epsdiluted": 0.2354368932038835,
        "weightedAverageShsOut": 412000000,
        "weightedAverageShsOutDil": 412000000,
        "link": "https://www.sec.gov/Archives/edgar/data/1018724/000119312507034081/d10k.htm",
        "finalLink": "https://www.sec.gov/Archives/edgar/data/1018724/000119312507034081/d10k.htm"
    },
    {
        "date": "2006-09-30",
        "symbol": "AMZN",
        "reportedCurrency": "USD",
        "fillingDate": "2006-10-26",
        "acceptedDate": "2006-10-26 06:16:52",
        "period": "Q3",
        "revenue": 2307000000,
        "costOfRevenue": 1758000000,
        "grossProfit": 549000000,
        "grossProfitRatio": 0.23797139141742524,
        "researchAndDevelopmentExpenses": 172000000,
        "generalAndAdministrativeExpenses": 0.0,
        "sellingAndMarketingExpenses": 0.0,
        "otherExpenses": 0.0,
        "operatingExpenses": 509000000,
        "costAndExpenses": 2267000000,
        "interestExpense": 0.0,
        "depreciationAndAmortization": 63000000,
        "ebitda": 103000000,
        "ebitdaratio": 0.044646727351538795,
        "operatingIncome": 40000000,
        "operatingIncomeRatio": 0.017338534893801473,
        "totalOtherIncomeExpensesNet": 5000000.0,
        "incomeBeforeTax": 38000000,
        "incomeBeforeTaxRatio": 0.0164716081491114,
        "incomeTaxExpense": 19000000,
        "netIncome": 19000000,
        "netIncomeRatio": 0.0082358040745557,
        "eps": 0.045563549160671464,
        "epsdiluted": 0.04481132075471698,
        "weightedAverageShsOut": 417000000,
        "weightedAverageShsOutDil": 424000000,
        "link": "https://www.sec.gov/Archives/edgar/data/1018724/000119312506215188/d10q.htm",
        "finalLink": "https://www.sec.gov/Archives/edgar/data/1018724/000119312506215188/d10q.htm"
    },
    {
        "date": "2006-06-30",
        "symbol": "AMZN",
        "reportedCurrency": "USD",
        "fillingDate": "2006-07-27",
        "acceptedDate": "2006-07-27 09:07:36",
        "period": "Q2",
        "revenue": 2139000000,
        "costOfRevenue": 1630000000,
        "grossProfit": 509000000,
        "grossProfitRatio": 0.23796166432912577,
        "researchAndDevelopmentExpenses": 167000000,
        "generalAndAdministrativeExpenses": 0.0,
        "sellingAndMarketingExpenses": 0.0,
        "otherExpenses": 0.0,
        "operatingExpenses": 462000000,
        "costAndExpenses": 2092000000,
        "interestExpense": 0.0,
        "depreciationAndAmortization": 43000000,
        "ebitda": 90000000,
        "ebitdaratio": 0.04207573632538569,
        "operatingIncome": 47000000,
        "operatingIncomeRatio": 0.021972884525479196,
        "totalOtherIncomeExpensesNet": 13000000,
        "incomeBeforeTax": 54000000,
        "incomeBeforeTaxRatio": 0.025245441795231416,
        "incomeTaxExpense": 32000000,
        "netIncome": 22000000,
        "netIncomeRatio": 0.010285179990649837,
        "eps": 0.05263157894736842,
        "epsdiluted": 0.051643192488262914,
        "weightedAverageShsOut": 418000000,
        "weightedAverageShsOutDil": 426000000,
        "link": "https://www.sec.gov/Archives/edgar/data/1018724/000119312506154437/d10q.htm",
        "finalLink": "https://www.sec.gov/Archives/edgar/data/1018724/000119312506154437/d10q.htm"
    },
    {
        "date": "2006-03-31",
        "symbol": "AMZN",
        "reportedCurrency": "USD",
        "fillingDate": "2006-04-27",
        "acceptedDate": "2006-04-27 06:13:47",
        "period": "Q1",
        "revenue": 2279000000,
        "costOfRevenue": 1735000000,
        "grossProfit": 544000000,
        "grossProfitRatio": 0.2387011847301448,
        "researchAndDevelopmentExpenses": 146000000,
        "generalAndAdministrativeExpenses": 0.0,
        "sellingAndMarketingExpenses": 0.0,
        "otherExpenses": 0.0,
        "operatingExpenses": 441000000,
        "costAndExpenses": 2176000000,
        "interestExpense": 0.0,
        "depreciationAndAmortization": 40000000,
        "ebitda": 143000000,
        "ebitdaratio": 0.06274681878016675,
        "operatingIncome": 103000000,
        "operatingIncomeRatio": 0.0451952610794208,
        "totalOtherIncomeExpensesNet": -4000000.0,
        "incomeBeforeTax": 96000000,
        "incomeBeforeTaxRatio": 0.04212373848179026,
        "incomeTaxExpense": 45000000,
        "netIncome": 51000000,
        "netIncomeRatio": 0.022378236068451074,
        "eps": 0.1223021582733813,
        "epsdiluted": 0.11971830985915492,
        "weightedAverageShsOut": 417000000,
        "weightedAverageShsOutDil": 426000000,
        "link": "https://www.sec.gov/Archives/edgar/data/1018724/000119312506034166/d10k.htm",
        "finalLink": "https://www.sec.gov/Archives/edgar/data/1018724/000119312506034166/d10k.htm"
    },
    {
        "date": "2005-12-31",
        "symbol": "AMZN",
        "reportedCurrency": "USD",
        "fillingDate": "2006-02-17",
        "acceptedDate": "2006-02-17 08:52:50",
        "period": "Q4",
        "revenue": 2977000000,
        "costOfRevenue": 2310000000,
        "grossProfit": 667000000,
        "grossProfitRatio": 0.22405105811219347,
        "researchAndDevelopmentExpenses": 0.0,
        "generalAndAdministrativeExpenses": 0.0,
        "sellingAndMarketingExpenses": 0.0,
        "otherExpenses": 0.0,
        "operatingExpenses": 502000000,
        "costAndExpenses": 2812000000,
        "interestExpense": 0.0,
        "depreciationAndAmortization": 123000000,
        "ebitda": 288000000,
        "ebitdaratio": 0.09674168626133692,
        "operatingIncome": 165000000,
        "operatingIncomeRatio": 0.05542492442055761,
        "totalOtherIncomeExpensesNet": 47000000,
        "incomeBeforeTax": 161000000,
        "incomeBeforeTaxRatio": 0.054081289889150154,
        "incomeTaxExpense": -38000000,
        "netIncome": 199000000,
        "netIncomeRatio": 0.066845817937521,
        "eps": 0.47721822541966424,
        "epsdiluted": 0.47721822541966424,
        "weightedAverageShsOut": 417000000,
        "weightedAverageShsOutDil": 417000000,
        "link": "https://www.sec.gov/Archives/edgar/data/1018724/000119312506034166/d10k.htm",
        "finalLink": "https://www.sec.gov/Archives/edgar/data/1018724/000119312506034166/d10k.htm"
    },
    {
        "date": "2005-09-30",
        "symbol": "AMZN",
        "reportedCurrency": "USD",
        "fillingDate": "2005-10-27",
        "acceptedDate": "2005-10-26 20:33:28",
        "period": "Q3",
        "revenue": 1858000000,
        "costOfRevenue": 1395000000,
        "grossProfit": 463000000,
        "grossProfitRatio": 0.24919268030139935,
        "researchAndDevelopmentExpenses": 0.0,
        "generalAndAdministrativeExpenses": 0.0,
        "sellingAndMarketingExpenses": 0.0,
        "otherExpenses": 0.0,
        "operatingExpenses": 408000000,
        "costAndExpenses": 1803000000,
        "interestExpense": 0.0,
        "depreciationAndAmortization": -57000000,
        "ebitda": -2000000.0,
        "ebitdaratio": -0.001076426264800861,
        "operatingIncome": 55000000,
        "operatingIncomeRatio": 0.029601722282023683,
        "totalOtherIncomeExpensesNet": -34000000,
        "incomeBeforeTax": 51000000,
        "incomeBeforeTaxRatio": 0.02744886975242196,
        "incomeTaxExpense": 21000000,
        "netIncome": 30000000,
        "netIncomeRatio": 0.016146393972012917,
        "eps": 0.07263922518159806,
        "epsdiluted": 0.07009345794392523,
        "weightedAverageShsOut": 413000000,
        "weightedAverageShsOutDil": 428000000,
        "link": "https://www.sec.gov/Archives/edgar/data/1018724/000119312505209085/d10q.htm",
        "finalLink": "https://www.sec.gov/Archives/edgar/data/1018724/000119312505209085/d10q.htm"
    },
    {
        "date": "2005-06-30",
        "symbol": "AMZN",
        "reportedCurrency": "USD",
        "fillingDate": "2005-07-28",
        "acceptedDate": "2005-07-27 20:07:17",
        "period": "Q2",
        "revenue": 1753000000,
        "costOfRevenue": 1303000000,
        "grossProfit": 450000000,
        "grossProfitRatio": 0.2567027952082145,
        "researchAndDevelopmentExpenses": 106000000,
        "generalAndAdministrativeExpenses": 0.0,
        "sellingAndMarketingExpenses": 0.0,
        "otherExpenses": 0.0,
        "operatingExpenses": 346000000,
        "costAndExpenses": 1649000000,
        "interestExpense": 0.0,
        "depreciationAndAmortization": 27000000,
        "ebitda": 131000000,
        "ebitdaratio": 0.07472903593839134,
        "operatingIncome": 104000000,
        "operatingIncomeRatio": 0.05932686822589846,
        "totalOtherIncomeExpensesNet": 15000000,
        "incomeBeforeTax": 108000000,
        "incomeBeforeTaxRatio": 0.06160867084997148,
        "incomeTaxExpense": 56000000,
        "netIncome": 52000000,
        "netIncomeRatio": 0.02966343411294923,
        "eps": 0.13,
        "epsdiluted": 0.12,
        "weightedAverageShsOut": 411000000,
        "weightedAverageShsOutDil": 425000000,
        "link": "https://www.sec.gov/Archives/edgar/data/1018724/000119312505150308/d10q.htm",
        "finalLink": "https://www.sec.gov/Archives/edgar/data/1018724/000119312505150308/d10q.htm"
    },
    {
        "date": "2005-03-31",
        "symbol": "AMZN",
        "reportedCurrency": "USD",
        "fillingDate": "2005-04-28",
        "acceptedDate": "2005-04-27 17:47:48",
        "period": "Q1",
        "revenue": 1902000000,
        "costOfRevenue": 1444000000,
        "grossProfit": 458000000,
        "grossProfitRatio": 0.24079915878023134,
        "researchAndDevelopmentExpenses": 92000000,
        "generalAndAdministrativeExpenses": 0.0,
        "sellingAndMarketingExpenses": 0.0,
        "otherExpenses": 0.0,
        "operatingExpenses": 350000000,
        "costAndExpenses": 1794000000,
        "interestExpense": 0.0,
        "depreciationAndAmortization": 28000000,
        "ebitda": 136000000,
        "ebitdaratio": 0.07150368033648791,
        "operatingIncome": 108000000,
        "operatingIncomeRatio": 0.056782334384858045,
        "totalOtherIncomeExpensesNet": 16000000,
        "incomeBeforeTax": 108000000,
        "incomeBeforeTaxRatio": 0.056782334384858045,
        "incomeTaxExpense": 56000000,
        "netIncome": 78000000,
        "netIncomeRatio": 0.04100946372239748,
        "eps": 0.19,
        "epsdiluted": 0.18,
        "weightedAverageShsOut": 410000000,
        "weightedAverageShsOutDil": 423000000,
        "link": "https://www.sec.gov/Archives/edgar/data/1018724/000119312505047032/d10k.htm",
        "finalLink": "https://www.sec.gov/Archives/edgar/data/1018724/000119312505047032/d10k.htm"
    },
    {
        "date": "2004-12-31",
        "symbol": "AMZN",
        "reportedCurrency": "USD",
        "fillingDate": "2005-03-11 00:00:00",
        "acceptedDate": "2005-03-11 06:20:27",
        "period": "Q4",
        "revenue": 2540959000,
        "costOfRevenue": 1996493000,
        "grossProfit": 544466000,
        "grossProfitRatio": 0.21427579114814524,
        "researchAndDevelopmentExpenses": 72821000,
        "generalAndAdministrativeExpenses": 0.0,
        "sellingAndMarketingExpenses": 0.0,
        "otherExpenses": 0.0,
        "operatingExpenses": 382024000,
        "costAndExpenses": 2378517000,
        "interestExpense": 0.0,
        "depreciationAndAmortization": 20831000,
        "ebitda": 183273000,
        "ebitdaratio": 0.07212749202171306,
        "operatingIncome": 162442000,
        "operatingIncomeRatio": 0.0639294061808947,
        "totalOtherIncomeExpensesNet": -23015000,
        "incomeBeforeTax": 0.0,
        "incomeBeforeTaxRatio": 0.0,
        "incomeTaxExpense": 0.0,
        "netIncome": 346688000,
        "netIncomeRatio": 0.1364398244914617,
        "eps": 0.845580487804878,
        "epsdiluted": 0.845580487804878,
        "weightedAverageShsOut": 410000000,
        "weightedAverageShsOutDil": 410000000,
        "link": "https://www.sec.gov/Archives/edgar/data/1018724/000119312505047032/0001193125-05-047032-index.html",
        "finalLink": "https://www.sec.gov/Archives/edgar/data/1018724/000119312505047032/d10k.htm"
    },
    {
        "date": "2004-09-30",
        "symbol": "AMZN",
        "reportedCurrency": "USD",
        "fillingDate": "2004-10-22 00:00:00",
        "acceptedDate": "2004-10-22 16:21:24",
        "period": "Q3",
        "revenue": 1462475000,
        "costOfRevenue": 1106824000,
        "grossProfit": 355651000,
        "grossProfitRatio": 0.2431843279372297,
        "researchAndDevelopmentExpenses": 64823000,
        "generalAndAdministrativeExpenses": 0.0,
        "sellingAndMarketingExpenses": 0.0,
        "otherExpenses": 0.0,
        "operatingExpenses": 274377000,
        "costAndExpenses": 1381201000,
        "interestExpense": 0.0,
        "depreciationAndAmortization": 68208000,
        "ebitda": 149482000,
        "ebitdaratio": 0.10221166173780748,
        "operatingIncome": 81274000,
        "operatingIncomeRatio": 0.05557291577633806,
        "totalOtherIncomeExpensesNet": -8373000.0,
        "incomeBeforeTax": 0.0,
        "incomeBeforeTaxRatio": 0.0,
        "incomeTaxExpense": 0.0,
        "netIncome": 54147000,
        "netIncomeRatio": 0.03702422263628438,
        "eps": 0.1331548001091856,
        "epsdiluted": 0.1274715909759709,
        "weightedAverageShsOut": 406647000,
        "weightedAverageShsOutDil": 424777000,
        "link": "https://www.sec.gov/Archives/edgar/data/1018724/000119312504176356/0001193125-04-176356-index.html",
        "finalLink": "https://www.sec.gov/Archives/edgar/data/1018724/000119312504176356/d10q.htm"
    },
    {
        "date": "2004-06-30",
        "symbol": "AMZN",
        "reportedCurrency": "USD",
        "fillingDate": "2004-07-23 00:00:00",
        "acceptedDate": "2004-07-23 06:03:48",
        "period": "Q2",
        "revenue": 1387341000,
        "costOfRevenue": 1046295000,
        "grossProfit": 341046000,
        "grossProfitRatio": 0.24582708937456615,
        "researchAndDevelopmentExpenses": 58475000,
        "generalAndAdministrativeExpenses": 0.0,
        "sellingAndMarketingExpenses": 0.0,
        "otherExpenses": 0.0,
        "operatingExpenses": 254772000,
        "costAndExpenses": 1301067000,
        "interestExpense": 0.0,
        "depreciationAndAmortization": -6929000.0,
        "ebitda": 79345000,
        "ebitdaratio": 0.057192139495625086,
        "operatingIncome": 86274000,
        "operatingIncomeRatio": 0.06218658570603766,
        "totalOtherIncomeExpensesNet": 10950000,
        "incomeBeforeTax": 0.0,
        "incomeBeforeTaxRatio": 0.0,
        "incomeTaxExpense": 0.0,
        "netIncome": 76480000,
        "netIncomeRatio": 0.05512703798128939,
        "eps": 0.19,
        "epsdiluted": 0.18,
        "weightedAverageShsOut": 405268000,
        "weightedAverageShsOutDil": 424678000,
        "link": "https://www.sec.gov/Archives/edgar/data/1018724/000119312504123102/0001193125-04-123102-index.html",
        "finalLink": "https://www.sec.gov/Archives/edgar/data/1018724/000119312504123102/d10q.htm"
    },
    {
        "date": "2004-03-31",
        "symbol": "AMZN",
        "reportedCurrency": "USD",
        "fillingDate": "2004-04-23 00:00:00",
        "acceptedDate": "2004-04-22 19:57:37",
        "period": "Q1",
        "revenue": 1530349000,
        "costOfRevenue": 1169515000,
        "grossProfit": 360834000,
        "grossProfitRatio": 0.23578543195048973,
        "researchAndDevelopmentExpenses": 55076000,
        "generalAndAdministrativeExpenses": 0.0,
        "sellingAndMarketingExpenses": 0.0,
        "otherExpenses": 0.0,
        "operatingExpenses": 250399000,
        "costAndExpenses": 1419914000,
        "interestExpense": 0.0,
        "depreciationAndAmortization": -6386000.0,
        "ebitda": 104049000,
        "ebitdaratio": 0.06799037343769297,
        "operatingIncome": 110435000,
        "operatingIncomeRatio": 0.07216327778826921,
        "totalOtherIncomeExpensesNet": 22877000,
        "incomeBeforeTax": 0.0,
        "incomeBeforeTaxRatio": 0.0,
        "incomeTaxExpense": 0.0,
        "netIncome": 111136000,
        "netIncomeRatio": 0.07262134323608536,
        "eps": 0.28,
        "epsdiluted": 0.26,
        "weightedAverageShsOut": 403542000,
        "weightedAverageShsOutDil": 424519000,
        "link": "https://www.sec.gov/Archives/edgar/data/1018724/000119312504067751/0001193125-04-067751-index.html",
        "finalLink": "https://www.sec.gov/Archives/edgar/data/1018724/000119312504067751/d10q.htm"
    },
    {
        "date": "2003-12-31",
        "symbol": "AMZN",
        "reportedCurrency": "USD",
        "fillingDate": "2004-02-25 00:00:00",
        "acceptedDate": "2004-02-25 17:25:47",
        "period": "Q4",
        "revenue": 1945772000,
        "costOfRevenue": 1518935000,
        "grossProfit": 426837000,
        "grossProfitRatio": 0.21936640058547455,
        "researchAndDevelopmentExpenses": 51811000,
        "generalAndAdministrativeExpenses": 0.0,
        "sellingAndMarketingExpenses": 0.0,
        "otherExpenses": 0.0,
        "operatingExpenses": 289081000,
        "costAndExpenses": 1808016000,
        "interestExpense": 0.0,
        "depreciationAndAmortization": 104327000,
        "ebitda": 242083000,
        "ebitdaratio": 0.12441488519723791,
        "operatingIncome": 137756000,
        "operatingIncomeRatio": 0.07079760629714067,
        "totalOtherIncomeExpensesNet": -40633000,
        "incomeBeforeTax": 0.0,
        "incomeBeforeTaxRatio": 0.0,
        "incomeTaxExpense": 0.0,
        "netIncome": 73154000,
        "netIncomeRatio": 0.037596388477169985,
        "eps": 0.1812797676573938,
        "epsdiluted": 0.1812797676573938,
        "weightedAverageShsOut": 403542000,
        "weightedAverageShsOutDil": 403542000,
        "link": "https://www.sec.gov/Archives/edgar/data/1018724/000119312504029488/0001193125-04-029488-index.html",
        "finalLink": "https://www.sec.gov/Archives/edgar/data/1018724/000119312504029488/d10k.htm"
    },
    {
        "date": "2003-09-30",
        "symbol": "AMZN",
        "reportedCurrency": "USD",
        "fillingDate": "2003-10-24 00:00:00",
        "acceptedDate": "2003-10-24 08:29:33",
        "period": "Q3",
        "revenue": 1134456000,
        "costOfRevenue": 848635000,
        "grossProfit": 285821000,
        "grossProfitRatio": 0.2519454258252414,
        "researchAndDevelopmentExpenses": 53775000,
        "generalAndAdministrativeExpenses": 0.0,
        "sellingAndMarketingExpenses": 0.0,
        "otherExpenses": 0.0,
        "operatingExpenses": 233890000,
        "costAndExpenses": 1082525000,
        "interestExpense": 0.0,
        "depreciationAndAmortization": -66595000,
        "ebitda": -14664000,
        "ebitdaratio": -0.012926019166895852,
        "operatingIncome": 51931000,
        "operatingIncomeRatio": 0.04577612529705868,
        "totalOtherIncomeExpensesNet": -10890000,
        "incomeBeforeTax": 0.0,
        "incomeBeforeTaxRatio": 0.0,
        "incomeTaxExpense": 0.0,
        "netIncome": 15563000,
        "netIncomeRatio": 0.013718469469067112,
        "eps": 0.04,
        "epsdiluted": 0.036809,
        "weightedAverageShsOut": 397912000,
        "weightedAverageShsOutDil": 422802000,
        "link": "https://www.sec.gov/Archives/edgar/data/1018724/000089102003002504/0000891020-03-002504-index.html",
        "finalLink": "https://www.sec.gov/Archives/edgar/data/1018724/000089102003002504/v93801e10vq.htm"
    },
    {
        "date": "2003-06-30",
        "symbol": "AMZN",
        "reportedCurrency": "USD",
        "fillingDate": "2003-07-24 00:00:00",
        "acceptedDate": "2003-07-23 20:13:11",
        "period": "Q2",
        "revenue": 1099912000,
        "costOfRevenue": 825984000,
        "grossProfit": 273928000,
        "grossProfitRatio": 0.2490453781757086,
        "researchAndDevelopmentExpenses": 52135000,
        "generalAndAdministrativeExpenses": 0.0,
        "sellingAndMarketingExpenses": 0.0,
        "otherExpenses": 0.0,
        "operatingExpenses": 232105000,
        "costAndExpenses": 1058089000,
        "interestExpense": 0.0,
        "depreciationAndAmortization": 47821000,
        "ebitda": 89644000,
        "ebitdaratio": 0.08150106553978864,
        "operatingIncome": 41823000,
        "operatingIncomeRatio": 0.03802395100698965,
        "totalOtherIncomeExpensesNet": -56531000,
        "incomeBeforeTax": 0.0,
        "incomeBeforeTaxRatio": 0.0,
        "incomeTaxExpense": 0.0,
        "netIncome": -43314000,
        "netIncomeRatio": -0.039379513997483434,
        "eps": -0.11,
        "epsdiluted": -0.11,
        "weightedAverageShsOut": 393876000,
        "weightedAverageShsOutDil": 393876000,
        "link": "https://www.sec.gov/Archives/edgar/data/1018724/000089102003001925/0000891020-03-001925-index.html",
        "finalLink": "https://www.sec.gov/Archives/edgar/data/1018724/000089102003001925/v91549e10vq.htm"
    },
    {
        "date": "2003-03-31",
        "symbol": "AMZN",
        "reportedCurrency": "USD",
        "fillingDate": "2003-04-25 00:00:00",
        "acceptedDate": "2003-04-25 17:16:59",
        "period": "Q1",
        "revenue": 1083559000,
        "costOfRevenue": 812977000,
        "grossProfit": 270582000,
        "grossProfitRatio": 0.24971598224000724,
        "researchAndDevelopmentExpenses": 50088000,
        "generalAndAdministrativeExpenses": 0.0,
        "sellingAndMarketingExpenses": 0.0,
        "otherExpenses": 0.0,
        "operatingExpenses": 231357000,
        "costAndExpenses": 1044334000,
        "interestExpense": 0.0,
        "depreciationAndAmortization": -7243000.0,
        "ebitda": 31982000,
        "ebitdaratio": 0.029515697806949136,
        "operatingIncome": 39225000,
        "operatingIncomeRatio": 0.03620015153766431,
        "totalOtherIncomeExpensesNet": -19375000,
        "incomeBeforeTax": 0.0,
        "incomeBeforeTaxRatio": 0.0,
        "incomeTaxExpense": 0.0,
        "netIncome": -10121000,
        "netIncomeRatio": -0.009340515837162536,
        "eps": -0.03,
        "epsdiluted": -0.03,
        "weightedAverageShsOut": 388541000,
        "weightedAverageShsOutDil": 388541000,
        "link": "https://www.sec.gov/Archives/edgar/data/1018724/000089102003001333/0000891020-03-001333-index.html",
        "finalLink": "https://www.sec.gov/Archives/edgar/data/1018724/000089102003001333/v89385e10vq.htm"
    },
    {
        "date": "2002-12-31",
        "symbol": "AMZN",
        "reportedCurrency": "USD",
        "fillingDate": "2003-02-19 00:00:00",
        "acceptedDate": "2003-02-19 08:03:25",
        "period": "Q4",
        "revenue": 1428610000,
        "costOfRevenue": 1093451000,
        "grossProfit": 335159000,
        "grossProfitRatio": 0.234604965665927,
        "researchAndDevelopmentExpenses": 49048000,
        "generalAndAdministrativeExpenses": 448162000,
        "sellingAndMarketingExpenses": -228329000,
        "otherExpenses": 0.0,
        "operatingExpenses": 269794000,
        "costAndExpenses": 1363245000,
        "interestExpense": 0.0,
        "depreciationAndAmortization": 118517000,
        "ebitda": 183882000,
        "ebitdaratio": 0.12871392472403245,
        "operatingIncome": 65365000,
        "operatingIncomeRatio": 0.04575426463485486,
        "totalOtherIncomeExpensesNet": -33391000,
        "incomeBeforeTax": 0.0,
        "incomeBeforeTaxRatio": 0.0,
        "incomeTaxExpense": 0.0,
        "netIncome": 2651000.0,
        "netIncomeRatio": 0.0018556498974527688,
        "eps": 0.006822960768619013,
        "epsdiluted": 0.006822960768619013,
        "weightedAverageShsOut": 388541000,
        "weightedAverageShsOutDil": 388541000,
        "link": "https://www.sec.gov/Archives/edgar/data/1018724/000095014903000355/0000950149-03-000355-index.html",
        "finalLink": "https://www.sec.gov/Archives/edgar/data/1018724/000095014903000355/v87419ore10vk.htm"
    },
    {
        "date": "2002-09-30",
        "symbol": "AMZN",
        "reportedCurrency": "USD",
        "fillingDate": "2002-10-25 00:00:00",
        "acceptedDate": "2002-10-25 17:25:25",
        "period": "Q3",
        "revenue": 851299000,
        "costOfRevenue": 635132000,
        "grossProfit": 216167000,
        "grossProfitRatio": 0.2539260588817795,
        "researchAndDevelopmentExpenses": 52907000,
        "generalAndAdministrativeExpenses": 17866000,
        "sellingAndMarketingExpenses": 117070000,
        "otherExpenses": 0.0,
        "operatingExpenses": 189055000,
        "costAndExpenses": 824187000,
        "interestExpense": 0.0,
        "depreciationAndAmortization": -53109000,
        "ebitda": -25997000,
        "ebitdaratio": -0.03053803657704285,
        "operatingIncome": 27112000,
        "operatingIncomeRatio": 0.031847799656759844,
        "totalOtherIncomeExpensesNet": -31870000,
        "incomeBeforeTax": 0.0,
        "incomeBeforeTaxRatio": 0.0,
        "incomeTaxExpense": 0.0,
        "netIncome": -35080000,
        "netIncomeRatio": -0.04120761330625315,
        "eps": -0.09,
        "epsdiluted": -0.09,
        "weightedAverageShsOut": 379650000,
        "weightedAverageShsOutDil": 379650000,
        "link": "https://www.sec.gov/Archives/edgar/data/1018724/000103221002001474/0001032210-02-001474-index.html",
        "finalLink": "https://www.sec.gov/Archives/edgar/data/1018724/000103221002001474/d10q.htm"
    },
    {
        "date": "2002-06-30",
        "symbol": "AMZN",
        "reportedCurrency": "USD",
        "fillingDate": "2002-07-26 00:00:00",
        "acceptedDate": "2002-07-25 21:45:11",
        "period": "Q2",
        "revenue": 805605000,
        "costOfRevenue": 587438000,
        "grossProfit": 218167000,
        "grossProfitRatio": 0.27081137778439807,
        "researchAndDevelopmentExpenses": 58165000,
        "generalAndAdministrativeExpenses": 42573000,
        "sellingAndMarketingExpenses": 114583000,
        "otherExpenses": 0.0,
        "operatingExpenses": 216695000,
        "costAndExpenses": 804133000,
        "interestExpense": 0.0,
        "depreciationAndAmortization": 36758000,
        "ebitda": 38230000,
        "ebitdaratio": 0.04745501827818844,
        "operatingIncome": 1472000.0,
        "operatingIncomeRatio": 0.0018271981926626572,
        "totalOtherIncomeExpensesNet": -65024000,
        "incomeBeforeTax": 0.0,
        "incomeBeforeTaxRatio": 0.0,
        "incomeTaxExpense": 0.0,
        "netIncome": -93553000,
        "netIncomeRatio": -0.11612763078679998,
        "eps": -0.25,
        "epsdiluted": -0.25,
        "weightedAverageShsOut": 376937000,
        "weightedAverageShsOutDil": 376937000,
        "link": "https://www.sec.gov/Archives/edgar/data/1018724/000103221002001115/0001032210-02-001115-index.html",
        "finalLink": "https://www.sec.gov/Archives/edgar/data/1018724/000103221002001115/d10q.htm"
    },
    {
        "date": "2002-03-31",
        "symbol": "AMZN",
        "reportedCurrency": "USD",
        "fillingDate": "2002-04-24 00:00:00",
        "acceptedDate": "2002-04-24 00:00:00",
        "period": "Q1",
        "revenue": 847422000,
        "costOfRevenue": 624297000,
        "grossProfit": 223125000,
        "grossProfitRatio": 0.2632985690718438,
        "researchAndDevelopmentExpenses": 55497000,
        "generalAndAdministrativeExpenses": 153901000,
        "sellingAndMarketingExpenses": 0.0,
        "otherExpenses": 0.0,
        "operatingExpenses": 211377000,
        "costAndExpenses": 835674000,
        "interestExpense": 0.0,
        "depreciationAndAmortization": -14414000,
        "ebitda": -2666000.0,
        "ebitdaratio": -0.003146012258355341,
        "operatingIncome": 11748000,
        "operatingIncomeRatio": 0.013863222809886928,
        "totalOtherIncomeExpensesNet": -6107000.0,
        "incomeBeforeTax": 0.0,
        "incomeBeforeTaxRatio": 0.0,
        "incomeTaxExpense": 0.0,
        "netIncome": -23150000,
        "netIncomeRatio": -0.027318148454961045,
        "eps": -0.06,
        "epsdiluted": -0.06,
        "weightedAverageShsOut": 373031000,
        "weightedAverageShsOutDil": 373031000,
        "link": "https://www.sec.gov/Archives/edgar/data/1018724/000103221002000681/0001032210-02-000681-index.html",
        "finalLink": "https://www.sec.gov/Archives/edgar/data/1018724/000103221002000681/d10q.htm"
    },
    {
        "date": "2001-12-31",
        "symbol": "AMZN",
        "reportedCurrency": "USD",
        "fillingDate": "2002-01-24",
        "acceptedDate": "2002-01-24 00:00:00",
        "period": "Q4",
        "revenue": 1115171000,
        "costOfRevenue": 841122000,
        "grossProfit": 274049000,
        "grossProfitRatio": 0.2457461680764654,
        "researchAndDevelopmentExpenses": 52325000,
        "generalAndAdministrativeExpenses": 21512000,
        "sellingAndMarketingExpenses": 143469000,
        "otherExpenses": 0.0,
        "operatingExpenses": 254843000,
        "costAndExpenses": 1095965000,
        "interestExpense": 0.0,
        "depreciationAndAmortization": 18176000,
        "ebitda": 37382000,
        "ebitdaratio": 0.033521316461780304,
        "operatingIncome": 19206000,
        "operatingIncomeRatio": 0.017222470813893116,
        "totalOtherIncomeExpensesNet": 15141000,
        "incomeBeforeTax": 0.0,
        "incomeBeforeTaxRatio": 0.0,
        "incomeTaxExpense": 0.0,
        "netIncome": 5087000.0,
        "netIncomeRatio": 0.004561632251914729,
        "eps": 0.013636936340411387,
        "epsdiluted": 0.013636936340411387,
        "weightedAverageShsOut": 373031000,
        "weightedAverageShsOutDil": 373031000,
        "link": "https://www.sec.gov/Archives/edgar/data/1018724/000103221002000059/d10k405.htm",
        "finalLink": "https://www.sec.gov/Archives/edgar/data/1018724/000103221002000059/d10k405.htm"
    },
    {
        "date": "2001-09-30",
        "symbol": "AMZN",
        "reportedCurrency": "USD",
        "fillingDate": "2001-10-30 00:00:00",
        "acceptedDate": "2001-10-30 00:00:00",
        "period": "Q3",
        "revenue": 639281000,
        "costOfRevenue": 477089000,
        "grossProfit": 162192000,
        "grossProfitRatio": 0.25371002735886095,
        "researchAndDevelopmentExpenses": 53846000,
        "generalAndAdministrativeExpenses": 18914000,
        "sellingAndMarketingExpenses": 113937000,
        "otherExpenses": 0.0,
        "operatingExpenses": 228532000,
        "costAndExpenses": 705621000,
        "interestExpense": 0.0,
        "depreciationAndAmortization": 31530000,
        "ebitda": -34810000,
        "ebitdaratio": -0.05445179819203136,
        "operatingIncome": -66340000,
        "operatingIncomeRatio": -0.10377283229127723,
        "totalOtherIncomeExpensesNet": -74804000,
        "incomeBeforeTax": 0.0,
        "incomeBeforeTaxRatio": 0.0,
        "incomeTaxExpense": 0.0,
        "netIncome": -169874000,
        "netIncomeRatio": -0.26572665228592746,
        "eps": -0.46,
        "epsdiluted": -0.46,
        "weightedAverageShsOut": 368052000,
        "weightedAverageShsOutDil": 368052000,
        "link": "https://www.sec.gov/Archives/edgar/data/1018724/000103221001501248/0001032210-01-501248-index.html",
        "finalLink": "https://www.sec.gov/Archives/edgar/data/1018724/000103221001501248/d10q.htm"
    },
    {
        "date": "2001-06-30",
        "symbol": "AMZN",
        "reportedCurrency": "USD",
        "fillingDate": "2001-07-23 00:00:00",
        "acceptedDate": "2001-07-23 00:00:00",
        "period": "Q2",
        "revenue": 667625000,
        "costOfRevenue": 487905000,
        "grossProfit": 179720000,
        "grossProfitRatio": 0.26919303501217,
        "researchAndDevelopmentExpenses": 64710000,
        "generalAndAdministrativeExpenses": 25129000,
        "sellingAndMarketingExpenses": 120241000,
        "otherExpenses": 0.0,
        "operatingExpenses": 260910000,
        "costAndExpenses": 748815000,
        "interestExpense": 0.0,
        "depreciationAndAmortization": 39716000,
        "ebitda": -41474000,
        "ebitdaratio": -0.06212170005616926,
        "operatingIncome": -81190000,
        "operatingIncomeRatio": -0.12161018535854709,
        "totalOtherIncomeExpensesNet": -58828000,
        "incomeBeforeTax": 0.0,
        "incomeBeforeTaxRatio": 0.0,
        "incomeTaxExpense": 0.0,
        "netIncome": -168359000,
        "netIncomeRatio": -0.2521759970043063,
        "eps": -0.47,
        "epsdiluted": -0.47,
        "weightedAverageShsOut": 359752000,
        "weightedAverageShsOutDil": 359752000,
        "link": "https://www.sec.gov/Archives/edgar/data/1018724/000103221001500866/0001032210-01-500866-index.html",
        "finalLink": "https://www.sec.gov/Archives/edgar/data/1018724/000103221001500866/d10q.htm"
    },
    {
        "date": "2001-03-31",
        "symbol": "AMZN",
        "reportedCurrency": "USD",
        "fillingDate": "2001-04-27 00:00:00",
        "acceptedDate": "2001-04-27 00:00:00",
        "period": "Q1",
        "revenue": 700356000,
        "costOfRevenue": 517759000,
        "grossProfit": 182597000,
        "grossProfitRatio": 0.2607202622666187,
        "researchAndDevelopmentExpenses": 70284000,
        "generalAndAdministrativeExpenses": 28944000,
        "sellingAndMarketingExpenses": 134886000,
        "otherExpenses": 0.0,
        "operatingExpenses": 399205000,
        "costAndExpenses": 916964000,
        "interestExpense": 0.0,
        "depreciationAndAmortization": 40512000,
        "ebitda": -176096000,
        "ebitdaratio": -0.25143784018413495,
        "operatingIncome": -216608000,
        "operatingIncomeRatio": -0.3092827076515372,
        "totalOtherIncomeExpensesNet": -97462000,
        "incomeBeforeTax": 0.0,
        "incomeBeforeTaxRatio": 0.0,
        "incomeTaxExpense": 0.0,
        "netIncome": -234131000,
        "netIncomeRatio": -0.33430284026980567,
        "eps": -0.66,
        "epsdiluted": -0.66,
        "weightedAverageShsOut": 357424000,
        "weightedAverageShsOutDil": 357424000,
        "link": "https://www.sec.gov/Archives/edgar/data/1018724/000095010901500823/0000950109-01-500823-index.html",
        "finalLink": "https://www.sec.gov/Archives/edgar/data/1018724/000095010901500823/d10q.htm"
    },
    {
        "date": "2000-12-31",
        "symbol": "AMZN",
        "reportedCurrency": "USD",
        "fillingDate": "2000-12-31",
        "acceptedDate": "2000-12-31",
        "period": "Q4",
        "revenue": 972360000,
        "costOfRevenue": 748060000,
        "grossProfit": 224300000,
        "grossProfitRatio": 0.23067588136081288,
        "researchAndDevelopmentExpenses": 69791000,
        "generalAndAdministrativeExpenses": 27120000,
        "sellingAndMarketingExpenses": 186223000,
        "otherExpenses": 0.0,
        "operatingExpenses": 562655000,
        "costAndExpenses": 1310715000,
        "interestExpense": 0.0,
        "depreciationAndAmortization": 58186000,
        "ebitda": -280169000,
        "ebitdaratio": -0.2881329960097083,
        "operatingIncome": -338355000,
        "operatingIncomeRatio": -0.34797297297297297,
        "totalOtherIncomeExpensesNet": -381981000,
        "incomeBeforeTax": 0.0,
        "incomeBeforeTaxRatio": 0.0,
        "incomeTaxExpense": 0.0,
        "netIncome": -545140000,
        "netIncomeRatio": -0.5606359784441977,
        "eps": -1.5251913693540444,
        "epsdiluted": -1.5251913693540444,
        "weightedAverageShsOut": 357424000,
        "weightedAverageShsOutDil": 357424000,
        "link": "",
        "finalLink": ""
    },
    {
        "date": "2000-09-30",
        "symbol": "AMZN",
        "reportedCurrency": "USD",
        "fillingDate": "2000-10-30 00:00:00",
        "acceptedDate": "2000-10-30 00:00:00",
        "period": "Q3",
        "revenue": 637858000,
        "costOfRevenue": 470579000,
        "grossProfit": 167279000,
        "grossProfitRatio": 0.262251159348946,
        "researchAndDevelopmentExpenses": 71159000,
        "generalAndAdministrativeExpenses": 30308000,
        "sellingAndMarketingExpenses": 138342000,
        "otherExpenses": 0.0,
        "operatingExpenses": 319003000,
        "costAndExpenses": 789582000,
        "interestExpense": 0.0,
        "depreciationAndAmortization": 77850000,
        "ebitda": -73874000,
        "ebitdaratio": -0.11581574582430572,
        "operatingIncome": -151724000,
        "operatingIncomeRatio": -0.23786485393300702,
        "totalOtherIncomeExpensesNet": -64393000,
        "incomeBeforeTax": 0.0,
        "incomeBeforeTaxRatio": 0.0,
        "incomeTaxExpense": 0.0,
        "netIncome": -240524000,
        "netIncomeRatio": -0.3770807922766509,
        "eps": -0.68,
        "epsdiluted": -0.68,
        "weightedAverageShsOut": 353954000,
        "weightedAverageShsOutDil": 353954000,
        "link": "https://www.sec.gov/Archives/edgar/data/1018724/000089102000001861/0000891020-00-001861-index.html",
        "finalLink": "https://www.sec.gov/Archives/edgar/data/1018724/000089102000001861/v66555e10-q.txt"
    },
    {
        "date": "2000-06-30",
        "symbol": "AMZN",
        "reportedCurrency": "USD",
        "fillingDate": "2000-08-02 00:00:00",
        "acceptedDate": "2000-08-02 00:00:00",
        "period": "Q2",
        "revenue": 577876000,
        "costOfRevenue": 441812000,
        "grossProfit": 136064000,
        "grossProfitRatio": 0.23545535720465982,
        "researchAndDevelopmentExpenses": 67132000,
        "generalAndAdministrativeExpenses": 36634000,
        "sellingAndMarketingExpenses": 129813000,
        "otherExpenses": 0.0,
        "operatingExpenses": 313992000,
        "costAndExpenses": 755804000,
        "interestExpense": 0.0,
        "depreciationAndAmortization": 90480000,
        "ebitda": -87448000,
        "ebitdaratio": -0.15132658217333822,
        "operatingIncome": -177928000,
        "operatingIncomeRatio": -0.307899964698309,
        "totalOtherIncomeExpensesNet": -116173000,
        "incomeBeforeTax": 0.0,
        "incomeBeforeTaxRatio": 0.0,
        "incomeTaxExpense": 0.0,
        "netIncome": -317184000,
        "netIncomeRatio": -0.548878998262603,
        "eps": -0.91,
        "epsdiluted": -0.91,
        "weightedAverageShsOut": 349886000,
        "weightedAverageShsOutDil": 349886000,
        "link": "https://www.sec.gov/Archives/edgar/data/1018724/000089102000001380/0000891020-00-001380-index.html",
        "finalLink": "https://www.sec.gov/Archives/edgar/data/1018724/000089102000001380/e10-q.txt"
    },
    {
        "date": "2000-03-31",
        "symbol": "AMZN",
        "reportedCurrency": "USD",
        "fillingDate": "2000-05-15 00:00:00",
        "acceptedDate": "2000-05-15 00:00:00",
        "period": "Q1",
        "revenue": 573889000,
        "costOfRevenue": 445755000,
        "grossProfit": 128134000,
        "grossProfitRatio": 0.2232731416702533,
        "researchAndDevelopmentExpenses": 61244000,
        "generalAndAdministrativeExpenses": 39697000,
        "sellingAndMarketingExpenses": 140111000,
        "otherExpenses": 0.0,
        "operatingExpenses": 324007000,
        "costAndExpenses": 769762000,
        "interestExpense": 0.0,
        "depreciationAndAmortization": 96302000,
        "ebitda": -99571000,
        "ebitdaratio": -0.1735021929327797,
        "operatingIncome": -195873000,
        "operatingIncomeRatio": -0.341308162379833,
        "totalOtherIncomeExpensesNet": -95057000,
        "incomeBeforeTax": 0.0,
        "incomeBeforeTaxRatio": 0.0,
        "incomeTaxExpense": 0.0,
        "netIncome": -308425000,
        "netIncomeRatio": -0.5374297120174807,
        "eps": -0.9,
        "epsdiluted": -0.9,
        "weightedAverageShsOut": 343884000,
        "weightedAverageShsOutDil": 343884000,
        "link": "https://www.sec.gov/Archives/edgar/data/1018724/000089102000001049/0000891020-00-001049-index.html",
        "finalLink": "https://www.sec.gov/Archives/edgar/data/1018724/0000891020-00-001049.txt"
    },
    {
        "date": "1999-12-31",
        "symbol": "AMZN",
        "reportedCurrency": "USD",
        "fillingDate": "2000-03-29 00:00:00",
        "acceptedDate": "2000-03-29 00:00:00",
        "period": "Q4",
        "revenue": 676042000,
        "costOfRevenue": 588196000,
        "grossProfit": 87846000,
        "grossProfitRatio": 0.12994163084542085,
        "researchAndDevelopmentExpenses": 57424000,
        "generalAndAdministrativeExpenses": 39891000,
        "sellingAndMarketingExpenses": 179928000,
        "otherExpenses": 0.0,
        "operatingExpenses": 491937000,
        "costAndExpenses": 1080133000,
        "interestExpense": 0.0,
        "depreciationAndAmortization": 242613000,
        "ebitda": -161478000,
        "ebitdaratio": -0.23885794077882735,
        "operatingIncome": -404091000,
        "operatingIncomeRatio": -0.5977306143701131,
        "totalOtherIncomeExpensesNet": 90048000,
        "incomeBeforeTax": 0.0,
        "incomeBeforeTaxRatio": 0.0,
        "incomeTaxExpense": 0.0,
        "netIncome": -323213000,
        "netIncomeRatio": -0.47809603545341856,
        "eps": -0.9398896139395843,
        "epsdiluted": -0.9398896139395843,
        "weightedAverageShsOut": 343884000,
        "weightedAverageShsOutDil": 343884000,
        "link": "https://www.sec.gov/Archives/edgar/data/1018724/000089102000000622/0000891020-00-000622-index.html",
        "finalLink": "https://www.sec.gov/Archives/edgar/data/1018724/0000891020-00-000622.txt"
    },
    {
        "date": "1999-09-30",
        "symbol": "AMZN",
        "reportedCurrency": "USD",
        "fillingDate": "1999-11-15 00:00:00",
        "acceptedDate": "1999-11-15 00:00:00",
        "period": "Q3",
        "revenue": 355777000,
        "costOfRevenue": 285300000,
        "grossProfit": 70477000,
        "grossProfitRatio": 0.1980931875866062,
        "researchAndDevelopmentExpenses": 44608000,
        "generalAndAdministrativeExpenses": 30301000,
        "sellingAndMarketingExpenses": 86555000,
        "otherExpenses": 0.0,
        "operatingExpenses": 161464000,
        "costAndExpenses": 446764000,
        "interestExpense": 0.0,
        "depreciationAndAmortization": 21398000,
        "ebitda": -69589000,
        "ebitdaratio": -0.19559724209265916,
        "operatingIncome": -90987000,
        "operatingIncomeRatio": -0.25574165839837876,
        "totalOtherIncomeExpensesNet": -97322000,
        "incomeBeforeTax": 0.0,
        "incomeBeforeTaxRatio": 0.0,
        "incomeTaxExpense": 0.0,
        "netIncome": -197080000,
        "netIncomeRatio": -0.5539424976881586,
        "eps": -0.59,
        "epsdiluted": -0.59,
        "weightedAverageShsOut": 332488000,
        "weightedAverageShsOutDil": 332488000,
        "link": "https://www.sec.gov/Archives/edgar/data/1018724/000089102099001938/0000891020-99-001938-index.html",
        "finalLink": "https://www.sec.gov/Archives/edgar/data/1018724/0000891020-99-001938.txt"
    },
    {
        "date": "1999-06-30",
        "symbol": "AMZN",
        "reportedCurrency": "USD",
        "fillingDate": "1999-08-16 00:00:00",
        "acceptedDate": "1999-08-16 00:00:00",
        "period": "Q2",
        "revenue": 314377000,
        "costOfRevenue": 246846000,
        "grossProfit": 67531000,
        "grossProfitRatio": 0.21480897139421776,
        "researchAndDevelopmentExpenses": 34288000,
        "generalAndAdministrativeExpenses": 19215000,
        "sellingAndMarketingExpenses": 85949000,
        "otherExpenses": 0.0,
        "operatingExpenses": 139452000,
        "costAndExpenses": 386298000,
        "interestExpense": 0.0,
        "depreciationAndAmortization": 12769000,
        "ebitda": -59152000,
        "ebitdaratio": -0.18815625825044452,
        "operatingIncome": -71921000,
        "operatingIncomeRatio": -0.2287730972685661,
        "totalOtherIncomeExpensesNet": -50553000,
        "incomeBeforeTax": 0.0,
        "incomeBeforeTaxRatio": 0.0,
        "incomeTaxExpense": 0.0,
        "netIncome": -138008000,
        "netIncomeRatio": -0.438988857327349,
        "eps": -0.43,
        "epsdiluted": -0.43,
        "weightedAverageShsOut": 322340000,
        "weightedAverageShsOutDil": 322340000,
        "link": "https://www.sec.gov/Archives/edgar/data/1018724/000089102099001426/0000891020-99-001426-index.html",
        "finalLink": "https://www.sec.gov/Archives/edgar/data/1018724/0000891020-99-001426.txt"
    },
    {
        "date": "1999-03-31",
        "symbol": "AMZN",
        "reportedCurrency": "USD",
        "fillingDate": "1999-05-17 00:00:00",
        "acceptedDate": "1999-05-17 00:00:00",
        "period": "Q1",
        "revenue": 293643000,
        "costOfRevenue": 228852000,
        "grossProfit": 64791000,
        "grossProfitRatio": 0.22064547767186685,
        "researchAndDevelopmentExpenses": 23477000,
        "generalAndAdministrativeExpenses": 11165000,
        "sellingAndMarketingExpenses": 60744000,
        "otherExpenses": 0.0,
        "operatingExpenses": 95386000,
        "costAndExpenses": 324238000,
        "interestExpense": 0.0,
        "depreciationAndAmortization": 5338000.0,
        "ebitda": -25257000,
        "ebitdaratio": -0.08601260714541127,
        "operatingIncome": -30595000,
        "operatingIncomeRatio": -0.10419114366765085,
        "totalOtherIncomeExpensesNet": -25309000,
        "incomeBeforeTax": 0.0,
        "incomeBeforeTaxRatio": 0.0,
        "incomeTaxExpense": 0.0,
        "netIncome": -61667000,
        "netIncomeRatio": -0.21000670882670452,
        "eps": -0.2,
        "epsdiluted": -0.2,
        "weightedAverageShsOut": 313794000,
        "weightedAverageShsOutDil": 313794000,
        "link": "https://www.sec.gov/Archives/edgar/data/1018724/000089102099000894/0000891020-99-000894-index.html",
        "finalLink": "https://www.sec.gov/Archives/edgar/data/1018724/0000891020-99-000894.txt"
    },
    {
        "date": "1998-12-31",
        "symbol": "AMZN",
        "reportedCurrency": "USD",
        "fillingDate": "1999-03-05 00:00:00",
        "acceptedDate": "1999-03-05 00:00:00",
        "period": "Q4",
        "revenue": 252893000,
        "costOfRevenue": 199476000,
        "grossProfit": 53417000,
        "grossProfitRatio": 0.21122371912231655,
        "researchAndDevelopmentExpenses": 17281000,
        "generalAndAdministrativeExpenses": 5457000.0,
        "sellingAndMarketingExpenses": 48501000,
        "otherExpenses": 0.0,
        "operatingExpenses": 121411000,
        "costAndExpenses": 320887000,
        "interestExpense": 0.0,
        "depreciationAndAmortization": -18756000,
        "ebitda": -86750000,
        "ebitdaratio": -0.34303045161392365,
        "operatingIncome": -67994000,
        "operatingIncomeRatio": -0.2688646977180072,
        "totalOtherIncomeExpensesNet": -24247000,
        "incomeBeforeTax": 0.0,
        "incomeBeforeTaxRatio": 0.0,
        "incomeTaxExpense": 0.0,
        "netIncome": -46427000,
        "netIncomeRatio": -0.18358357091734448,
        "eps": -0.14795375309916697,
        "epsdiluted": -0.14795375309916697,
        "weightedAverageShsOut": 313794000,
        "weightedAverageShsOutDil": 313794000,
        "link": "https://www.sec.gov/Archives/edgar/data/1018724/000089102099000375/0000891020-99-000375-index.html",
        "finalLink": "https://www.sec.gov/Archives/edgar/data/1018724/0000891020-99-000375.txt"
    },
    {
        "date": "1998-09-30",
        "symbol": "AMZN",
        "reportedCurrency": "USD",
        "fillingDate": "1998-11-13 00:00:00",
        "acceptedDate": "1998-11-13 00:00:00",
        "period": "Q3",
        "revenue": 153698000,
        "costOfRevenue": 118823000,
        "grossProfit": 34875000,
        "grossProfitRatio": 0.22690601048810005,
        "researchAndDevelopmentExpenses": 13374000,
        "generalAndAdministrativeExpenses": 4978000.0,
        "sellingAndMarketingExpenses": 37517000,
        "otherExpenses": 0.0,
        "operatingExpenses": 55869000,
        "costAndExpenses": 174692000,
        "interestExpense": 0.0,
        "depreciationAndAmortization": 21432000,
        "ebitda": 438000.0,
        "ebitdaratio": 0.0028497443037645252,
        "operatingIncome": -20994000,
        "operatingIncomeRatio": -0.13659253861468595,
        "totalOtherIncomeExpensesNet": -20512000,
        "incomeBeforeTax": 0.0,
        "incomeBeforeTaxRatio": 0.0,
        "incomeTaxExpense": 0.0,
        "netIncome": -45171000,
        "netIncomeRatio": -0.2938945204231675,
        "eps": -0.15,
        "epsdiluted": -0.15,
        "weightedAverageShsOut": 50234000,
        "weightedAverageShsOutDil": 50234000,
        "link": "https://www.sec.gov/Archives/edgar/data/1018724/000089102098001632/0000891020-98-001632-index.html",
        "finalLink": "https://www.sec.gov/Archives/edgar/data/1018724/0000891020-98-001632.txt"
    },
    {
        "date": "1998-06-30",
        "symbol": "AMZN",
        "reportedCurrency": "USD",
        "fillingDate": "1998-08-14 00:00:00",
        "acceptedDate": "1998-08-14 00:00:00",
        "period": "Q2",
        "revenue": 115977000,
        "costOfRevenue": 89786000,
        "grossProfit": 26191000,
        "grossProfitRatio": 0.2258292592496788,
        "researchAndDevelopmentExpenses": 8060000.0,
        "generalAndAdministrativeExpenses": 3262000.0,
        "sellingAndMarketingExpenses": 26452000,
        "otherExpenses": 0.0,
        "operatingExpenses": 43187000,
        "costAndExpenses": 132973000,
        "interestExpense": 0.0,
        "depreciationAndAmortization": 7427000.0,
        "ebitda": -9569000.0,
        "ebitdaratio": -0.08250773860334376,
        "operatingIncome": -16996000,
        "operatingIncomeRatio": -0.14654629797287394,
        "totalOtherIncomeExpensesNet": 0.0,
        "incomeBeforeTax": 0.0,
        "incomeBeforeTaxRatio": 0.0,
        "incomeTaxExpense": 0.0,
        "netIncome": -21226000,
        "netIncomeRatio": -0.18301904687998483,
        "eps": -0.08,
        "epsdiluted": -0.08,
        "weightedAverageShsOut": 47977000,
        "weightedAverageShsOutDil": 47977000,
        "link": "https://www.sec.gov/Archives/edgar/data/1018724/000089102098001313/0000891020-98-001313-index.html",
        "finalLink": "https://www.sec.gov/Archives/edgar/data/1018724/0000891020-98-001313.txt"
    },
    {
        "date": "1998-03-31",
        "symbol": "AMZN",
        "reportedCurrency": "USD",
        "fillingDate": "1998-05-15 00:00:00",
        "acceptedDate": "1998-05-15 00:00:00",
        "period": "Q1",
        "revenue": 87375000,
        "costOfRevenue": 68054000,
        "grossProfit": 19321000,
        "grossProfitRatio": 0.22112732474964233,
        "researchAndDevelopmentExpenses": 6729000.0,
        "generalAndAdministrativeExpenses": 1963000.0,
        "sellingAndMarketingExpenses": 19503000,
        "otherExpenses": 0.0,
        "operatingExpenses": 28195000,
        "costAndExpenses": 96249000,
        "interestExpense": 0.0,
        "depreciationAndAmortization": 1975000.0,
        "ebitda": -6899000.0,
        "ebitdaratio": -0.0789585121602289,
        "operatingIncome": -8874000.0,
        "operatingIncomeRatio": -0.10156223175965665,
        "totalOtherIncomeExpensesNet": 0.0,
        "incomeBeforeTax": 0.0,
        "incomeBeforeTaxRatio": 0.0,
        "incomeTaxExpense": 0.0,
        "netIncome": -9259000.0,
        "netIncomeRatio": -0.10596852646638054,
        "eps": -0.04,
        "epsdiluted": -0.04,
        "weightedAverageShsOut": 46622000,
        "weightedAverageShsOutDil": 46622000,
        "link": "https://www.sec.gov/Archives/edgar/data/1018724/000089102098000846/0000891020-98-000846-index.html",
        "finalLink": "https://www.sec.gov/Archives/edgar/data/1018724/0000891020-98-000846.txt"
    },
    {
        "date": "1997-12-31",
        "symbol": "AMZN",
        "reportedCurrency": "USD",
        "fillingDate": "1997-12-31",
        "acceptedDate": "1997-12-31",
        "period": "Q4",
        "revenue": 66100000,
        "costOfRevenue": 51400000,
        "grossProfit": 14700000,
        "grossProfitRatio": 0.22239031770045387,
        "researchAndDevelopmentExpenses": 4500000.0,
        "generalAndAdministrativeExpenses": 18200000,
        "sellingAndMarketingExpenses": 0.0,
        "otherExpenses": 0.0,
        "operatingExpenses": 24400000,
        "costAndExpenses": 75800000,
        "interestExpense": 0.0,
        "depreciationAndAmortization": 1700000.0,
        "ebitda": -8000000.0,
        "ebitdaratio": -0.12102874432677761,
        "operatingIncome": -9700000.0,
        "operatingIncomeRatio": -0.14674735249621784,
        "totalOtherIncomeExpensesNet": 800000.0,
        "incomeBeforeTax": 0.0,
        "incomeBeforeTaxRatio": 0.0,
        "incomeTaxExpense": 0.0,
        "netIncome": -9300000.0,
        "netIncomeRatio": -0.14069591527987896,
        "eps": -0.19947664192870318,
        "epsdiluted": -0.19947664192870318,
        "weightedAverageShsOut": 46622000,
        "weightedAverageShsOutDil": 46622000,
        "link": "",
        "finalLink": ""
    },
    {
        "date": "1997-09-30",
        "symbol": "AMZN",
        "reportedCurrency": "USD",
        "fillingDate": "1997-11-14 00:00:00",
        "acceptedDate": "1997-11-14 00:00:00",
        "period": "Q3",
        "revenue": 37900000,
        "costOfRevenue": 29300000,
        "grossProfit": 8600000.0,
        "grossProfitRatio": 0.22691292875989447,
        "researchAndDevelopmentExpenses": 3600000.0,
        "generalAndAdministrativeExpenses": 12800000,
        "sellingAndMarketingExpenses": 0.0,
        "otherExpenses": 0.0,
        "operatingExpenses": 17800000,
        "costAndExpenses": 47100000,
        "interestExpense": 0.0,
        "depreciationAndAmortization": 1400000.0,
        "ebitda": -7800000.0,
        "ebitdaratio": -0.20580474934036938,
        "operatingIncome": -9200000.0,
        "operatingIncomeRatio": -0.24274406332453827,
        "totalOtherIncomeExpensesNet": 700000.0,
        "incomeBeforeTax": 0.0,
        "incomeBeforeTaxRatio": 0.0,
        "incomeTaxExpense": 0.0,
        "netIncome": -8500000.0,
        "netIncomeRatio": -0.22427440633245382,
        "eps": -0.03,
        "epsdiluted": -0.03,
        "weightedAverageShsOut": 283333333,
        "weightedAverageShsOutDil": 283333333,
        "link": "https://www.sec.gov/Archives/edgar/data/1018724/000089102097001466/0000891020-97-001466-index.html",
        "finalLink": "https://www.sec.gov/Archives/edgar/data/1018724/0000891020-97-001466.txt"
    },
    {
        "date": "1997-06-30",
        "symbol": "AMZN",
        "reportedCurrency": "USD",
        "fillingDate": "1997-06-30",
        "acceptedDate": "1997-06-30",
        "period": "Q2",
        "revenue": 27900000,
        "costOfRevenue": 21700000,
        "grossProfit": 6200000.0,
        "grossProfitRatio": 0.2222222222222222,
        "researchAndDevelopmentExpenses": 2800000.0,
        "generalAndAdministrativeExpenses": 9500000.0,
        "sellingAndMarketingExpenses": 0.0,
        "otherExpenses": 0.0,
        "operatingExpenses": 13200000,
        "costAndExpenses": 34900000,
        "interestExpense": 0.0,
        "depreciationAndAmortization": 900000.0,
        "ebitda": -6100000.0,
        "ebitdaratio": -0.21863799283154123,
        "operatingIncome": -7000000.0,
        "operatingIncomeRatio": -0.25089605734767023,
        "totalOtherIncomeExpensesNet": 400000.0,
        "incomeBeforeTax": 0.0,
        "incomeBeforeTaxRatio": 0.0,
        "incomeTaxExpense": 0.0,
        "netIncome": -6700000.0,
        "netIncomeRatio": -0.24014336917562723,
        "eps": -0.03,
        "epsdiluted": -0.03,
        "weightedAverageShsOut": 223333333,
        "weightedAverageShsOutDil": 223333333,
        "link": "",
        "finalLink": ""
    },
    {
        "date": "1997-03-31",
        "symbol": "AMZN",
        "reportedCurrency": "USD",
        "fillingDate": "1997-03-31",
        "acceptedDate": "1997-03-31",
        "period": "Q1",
        "revenue": 16000000,
        "costOfRevenue": 11800000,
        "grossProfit": 4200000.0,
        "grossProfitRatio": 0.2625,
        "researchAndDevelopmentExpenses": 1600000.0,
        "generalAndAdministrativeExpenses": 5100000.0,
        "sellingAndMarketingExpenses": 0.0,
        "otherExpenses": 0.0,
        "operatingExpenses": 7400000.0,
        "costAndExpenses": 19200000,
        "interestExpense": 0.0,
        "depreciationAndAmortization": 700000.0,
        "ebitda": -2500000.0,
        "ebitdaratio": -0.15625,
        "operatingIncome": -3200000.0,
        "operatingIncomeRatio": -0.2,
        "totalOtherIncomeExpensesNet": 100000.0,
        "incomeBeforeTax": 0.0,
        "incomeBeforeTaxRatio": 0.0,
        "incomeTaxExpense": 0.0,
        "netIncome": -3000000.0,
        "netIncomeRatio": -0.1875,
        "eps": -0.02,
        "epsdiluted": -0.02,
        "weightedAverageShsOut": 286594000,
        "weightedAverageShsOutDil": 286594000,
        "link": "",
        "finalLink": ""
    },
    {
        "date": "1996-12-31",
        "symbol": "AMZN",
        "reportedCurrency": "USD",
        "fillingDate": "1996-12-31",
        "acceptedDate": "1996-12-31",
        "period": "Q4",
        "revenue": 8400000.0,
        "costOfRevenue": 0.0,
        "grossProfit": 0.0,
        "grossProfitRatio": 0.0,
        "researchAndDevelopmentExpenses": 0.0,
        "generalAndAdministrativeExpenses": 0.0,
        "sellingAndMarketingExpenses": 0.0,
        "otherExpenses": 0.0,
        "operatingExpenses": 0.0,
        "costAndExpenses": 0.0,
        "interestExpense": 0.0,
        "depreciationAndAmortization": 0.0,
        "ebitda": -13300000,
        "ebitdaratio": -1.58333333333333,
        "operatingIncome": -13300000,
        "operatingIncomeRatio": -1.5833333333333333,
        "totalOtherIncomeExpensesNet": 0.0,
        "incomeBeforeTax": 0.0,
        "incomeBeforeTaxRatio": 0.0,
        "incomeTaxExpense": 0.0,
        "netIncome": -2300000.0,
        "netIncomeRatio": -0.27380952380952384,
        "eps": -0.009583333333333333,
        "epsdiluted": -0.009583333333333333,
        "weightedAverageShsOut": 240000000,
        "weightedAverageShsOutDil": 240000000,
        "link": "",
        "finalLink": ""
    },
    {
        "date": "1996-09-30",
        "symbol": "AMZN",
        "reportedCurrency": "USD",
        "fillingDate": "1996-09-30",
        "acceptedDate": "1996-09-30",
        "period": "Q3",
        "revenue": 4200000.0,
        "costOfRevenue": 0.0,
        "grossProfit": 0.0,
        "grossProfitRatio": 0.0,
        "researchAndDevelopmentExpenses": 0.0,
        "generalAndAdministrativeExpenses": 0.0,
        "sellingAndMarketingExpenses": 0.0,
        "otherExpenses": 0.0,
        "operatingExpenses": 0.0,
        "costAndExpenses": 0.0,
        "interestExpense": 0.0,
        "depreciationAndAmortization": 0.0,
        "ebitda": 4200000.0,
        "ebitdaratio": 1.0,
        "operatingIncome": 4200000.0,
        "operatingIncomeRatio": 1.0,
        "totalOtherIncomeExpensesNet": 0.0,
        "incomeBeforeTax": 0.0,
        "incomeBeforeTaxRatio": 0.0,
        "incomeTaxExpense": 0.0,
        "netIncome": -2400000.0,
        "netIncomeRatio": -0.5714285714285714,
        "eps": -0.01,
        "epsdiluted": -0.01,
        "weightedAverageShsOut": 240000000,
        "weightedAverageShsOutDil": 240000000,
        "link": "",
        "finalLink": ""
    },
    {
        "date": "1996-06-30",
        "symbol": "AMZN",
        "reportedCurrency": "USD",
        "fillingDate": "1996-06-30",
        "acceptedDate": "1996-06-30",
        "period": "Q2",
        "revenue": 2200000.0,
        "costOfRevenue": 0.0,
        "grossProfit": 0.0,
        "grossProfitRatio": 0.0,
        "researchAndDevelopmentExpenses": 0.0,
        "generalAndAdministrativeExpenses": 0.0,
        "sellingAndMarketingExpenses": 0.0,
        "otherExpenses": 0.0,
        "operatingExpenses": 0.0,
        "costAndExpenses": 0.0,
        "interestExpense": 0.0,
        "depreciationAndAmortization": 0.0,
        "ebitda": 2200000.0,
        "ebitdaratio": 1.0,
        "operatingIncome": 2200000.0,
        "operatingIncomeRatio": 1.0,
        "totalOtherIncomeExpensesNet": 0.0,
        "incomeBeforeTax": 0.0,
        "incomeBeforeTaxRatio": 0.0,
        "incomeTaxExpense": 0.0,
        "netIncome": -800000.0,
        "netIncomeRatio": -0.36363636363636365,
        "eps": -0.01,
        "epsdiluted": -0.01,
        "weightedAverageShsOut": 80000000,
        "weightedAverageShsOutDil": 80000000,
        "link": "",
        "finalLink": ""
    },
    {
        "date": "1996-03-31",
        "symbol": "AMZN",
        "reportedCurrency": "USD",
        "fillingDate": "1996-03-31",
        "acceptedDate": "1996-03-31",
        "period": "Q1",
        "revenue": 900000.0,
        "costOfRevenue": 0.0,
        "grossProfit": 0.0,
        "grossProfitRatio": 0.0,
        "researchAndDevelopmentExpenses": 0.0,
        "generalAndAdministrativeExpenses": 0.0,
        "sellingAndMarketingExpenses": 0.0,
        "otherExpenses": 0.0,
        "operatingExpenses": 0.0,
        "costAndExpenses": 0.0,
        "interestExpense": 0.0,
        "depreciationAndAmortization": 0.0,
        "ebitda": 900000.0,
        "ebitdaratio": 1.0,
        "operatingIncome": 900000.0,
        "operatingIncomeRatio": 1.0,
        "totalOtherIncomeExpensesNet": 0.0,
        "incomeBeforeTax": 0.0,
        "incomeBeforeTaxRatio": 0.0,
        "incomeTaxExpense": 0.0,
        "netIncome": -300000.0,
        "netIncomeRatio": -0.3333333333333333,
        "eps": -0.000994,
        "epsdiluted": -0.000994,
        "weightedAverageShsOut": 301666667,
        "weightedAverageShsOutDil": 301666667,
        "link": "",
        "finalLink": ""
    }
]