[
    {
        "date": "2020-12-31",
        "symbol": "AMZN",
        "reportedCurrency": "USD",
        "fillingDate": "2021-02-03",
        "acceptedDate": "2021-02-02 19:44:10",
        "period": "FY",
        "revenue": 386064000000,
        "costOfRevenue": 291824000000,
        "grossProfit": 94240000000,
        "grossProfitRatio": 0.24410460441792034,
        "researchAndDevelopmentExpenses": 42740000000,
        "generalAndAdministrativeExpenses": 6668000000,
        "sellingAndMarketingExpenses": 22008000000,
        "otherExpenses": 2371000000,
        "operatingExpenses": 71341000000,
        "costAndExpenses": 363165000000,
        "interestExpense": 1647000000,
        "depreciationAndAmortization": 25251000000,
        "ebitda": 48150000000,
        "ebitdaratio": 0.12472025363670272,
        "operatingIncome": 22899000000,
        "operatingIncomeRatio": 0.05931399975133657,
        "totalOtherIncomeExpensesNet": 2371000000,
        "incomeBeforeTax": 24178000000,
        "incomeBeforeTaxRatio": 0.06262692196112561,
        "incomeTaxExpense": 2863000000,
        "netIncome": 21331000000,
        "netIncomeRatio": 0.05525249699531684,
        "eps": 43.18016194331984,
        "epsdiluted": 43.18016194331984,
        "weightedAverageShsOut": 494000000,
        "weightedAverageShsOutDil": 494000000,
        "link": "https://www.sec.gov/Archives/edgar/data/1018724/000101872421000004/0001018724-21-000004-index.htm",
        "finalLink": "https://www.sec.gov/Archives/edgar/data/1018724/000101872421000004/amzn-20201231.htm"
    },
    {
        "date": "2019-12-31",
        "symbol": "AMZN",
        "reportedCurrency": "USD",
        "fillingDate": "2020-01-31 00:00:00",
        "acceptedDate": "2020-01-30 20:46:13",
        "period": "FY",
        "revenue": 280522000000,
        "costOfRevenue": 205768000000,
        "grossProfit": 74754000000,
        "grossProfitRatio": 0.26648177326555494,
        "researchAndDevelopmentExpenses": 35931000000,
        "generalAndAdministrativeExpenses": 5203000000,
        "sellingAndMarketingExpenses": 18878000000,
        "otherExpenses": 203000000,
        "operatingExpenses": 60213000000,
        "costAndExpenses": 265981000000,
        "interestExpense": 1600000000,
        "depreciationAndAmortization": 21789000000,
        "ebitda": 36330000000,
        "ebitdaratio": 0.12950855904349748,
        "operatingIncome": 14541000000,
        "operatingIncomeRatio": 0.05183550666257905,
        "totalOtherIncomeExpensesNet": 203000000,
        "incomeBeforeTax": 13976000000,
        "incomeBeforeTaxRatio": 0.04982140438183102,
        "incomeTaxExpense": 2374000000,
        "netIncome": 11588000000,
        "netIncomeRatio": 0.04130870306072251,
        "eps": 23.46,
        "epsdiluted": 23.01,
        "weightedAverageShsOut": 494000000,
        "weightedAverageShsOutDil": 504000000,
        "link": "https://www.sec.gov/Archives/edgar/data/1018724/000101872420000004/0001018724-20-000004-index.html",
        "finalLink": "https://www.sec.gov/Archives/edgar/data/1018724/000101872420000004/amzn-20191231x10k.htm"
    },
    {
        "date": "2018-12-31",
        "symbol": "AMZN",
        "reportedCurrency": "USD",
        "fillingDate": "2019-02-01 00:00:00",
        "acceptedDate": "2019-01-31 20:22:40",
        "period": "FY",
        "revenue": 232887000000,
        "costOfRevenue": 173183000000,
        "grossProfit": 59704000000,
        "grossProfitRatio": 0.2563646747134877,
        "researchAndDevelopmentExpenses": 28837000000,
        "generalAndAdministrativeExpenses": 4336000000,
        "sellingAndMarketingExpenses": 13814000000,
        "otherExpenses": -183000000,
        "operatingExpenses": 47283000000,
        "costAndExpenses": 220466000000,
        "interestExpense": 1417000000,
        "depreciationAndAmortization": 15341000000,
        "ebitda": 27762000000,
        "ebitdaratio": 0.11920802792770743,
        "operatingIncome": 12421000000,
        "operatingIncomeRatio": 0.053334879147397665,
        "totalOtherIncomeExpensesNet": -183000000,
        "incomeBeforeTax": 11261000000,
        "incomeBeforeTaxRatio": 0.04835392271788464,
        "incomeTaxExpense": 1197000000,
        "netIncome": 10073000000,
        "netIncomeRatio": 0.04325273630559026,
        "eps": 20.68,
        "epsdiluted": 20.14,
        "weightedAverageShsOut": 487000000,
        "weightedAverageShsOutDil": 500000000,
        "link": "https://www.sec.gov/Archives/edgar/data/1018724/000101872419000004/0001018724-19-000004-index.html",
        "finalLink": "https://www.sec.gov/Archives/edgar/data/1018724/000101872419000004/amzn-20181231x10k.htm"
    },
    {
        "date": "2017-12-31",
        "symbol": "AMZN",
        "reportedCurrency": "USD",
        "fillingDate": "2018-02-02 00:00:00",
        "acceptedDate": "2018-02-01 20:41:15",
        "period": "FY",
        "revenue": 177866000000,
        "costOfRevenue": 137183000000,
        "grossProfit": 40683000000,
        "grossProfitRatio": 0.22872836854710848,
        "researchAndDevelopmentExpenses": 22620000000,
        "generalAndAdministrativeExpenses": 3674000000,
        "sellingAndMarketingExpenses": 10069000000,
        "otherExpenses": 346000000,
        "operatingExpenses": 36577000000,
        "costAndExpenses": 173760000000,
        "interestExpense": 848000000,
        "depreciationAndAmortization": 11478000000,
        "ebitda": 15584000000,
        "ebitdaratio": 0.08761652030180023,
        "operatingIncome": 4106000000,
        "operatingIncomeRatio": 0.023084794170892695,
        "totalOtherIncomeExpensesNet": 346000000,
        "incomeBeforeTax": 3806000000,
        "incomeBeforeTaxRatio": 0.021398131177403214,
        "incomeTaxExpense": 769000000,
        "netIncome": 3033000000,
        "netIncomeRatio": 0.01705216286417865,
        "eps": 6.32,
        "epsdiluted": 6.15,
        "weightedAverageShsOut": 480000000,
        "weightedAverageShsOutDil": 493000000,
        "link": "https://www.sec.gov/Archives/edgar/data/1018724/000101872418000005/0001018724-18-000005-index.html",
        "finalLink": "https://www.sec.gov/Archives/edgar/data/1018724/000101872418000005/amzn-20171231x10k.htm"
    },
    {
        "date": "2016-12-31",
        "symbol": "AMZN",
        "reportedCurrency": "USD",
        "fillingDate": "2017-02-10 00:00:00",
        "acceptedDate": "2017-02-09 17:56:36",
        "period": "FY",
        "revenue": 135987000000,
        "costOfRevenue": 105884000000,
        "grossProfit": 30103000000,
        "grossProfitRatio": 0.22136674829211617,
        "researchAndDevelopmentExpenses": 16085000000,
        "generalAndAdministrativeExpenses": 2432000000,
        "sellingAndMarketingExpenses": 7233000000,
        "otherExpenses": 90000000,
        "operatingExpenses": 25917000000,
        "costAndExpenses": 131801000000,
        "interestExpense": 484000000,
        "depreciationAndAmortization": 8116000000,
        "ebitda": 12302000000,
        "ebitdaratio": 0.0904645296976917,
        "operatingIncome": 4186000000,
        "operatingIncomeRatio": 0.030782354195621642,
        "totalOtherIncomeExpensesNet": 90000000,
        "incomeBeforeTax": 3892000000,
        "incomeBeforeTaxRatio": 0.02862038283071176,
        "incomeTaxExpense": 1425000000,
        "netIncome": 2371000000,
        "netIncomeRatio": 0.017435490157147373,
        "eps": 5.01,
        "epsdiluted": 4.9,
        "weightedAverageShsOut": 474000000,
        "weightedAverageShsOutDil": 484000000,
        "link": "https://www.sec.gov/Archives/edgar/data/1018724/000101872417000011/0001018724-17-000011-index.html",
        "finalLink": "https://www.sec.gov/Archives/edgar/data/1018724/000101872417000011/amzn-20161231x10k.htm"
    },
    {
        "date": "2015-12-31",
        "symbol": "AMZN",
        "reportedCurrency": "USD",
        "fillingDate": "2016-01-29 00:00:00",
        "acceptedDate": "2016-01-28 19:38:11",
        "period": "FY",
        "revenue": 107006000000,
        "costOfRevenue": 85061000000,
        "grossProfit": 21945000000,
        "grossProfitRatio": 0.20508195802104554,
        "researchAndDevelopmentExpenses": 12540000000,
        "generalAndAdministrativeExpenses": 1747000000,
        "sellingAndMarketingExpenses": 5254000000,
        "otherExpenses": -256000000,
        "operatingExpenses": 19712000000,
        "costAndExpenses": 104773000000,
        "interestExpense": 459000000,
        "depreciationAndAmortization": 6281000000,
        "ebitda": 8514000000,
        "ebitdaratio": 0.07956563183372894,
        "operatingIncome": 2233000000,
        "operatingIncomeRatio": 0.020867988710913405,
        "totalOtherIncomeExpensesNet": -256000000,
        "incomeBeforeTax": 1568000000,
        "incomeBeforeTaxRatio": 0.014653383922396875,
        "incomeTaxExpense": 950000000,
        "netIncome": 596000000,
        "netIncomeRatio": 0.0055697811337682,
        "eps": 1.28,
        "epsdiluted": 1.25,
        "weightedAverageShsOut": 467000000,
        "weightedAverageShsOutDil": 477000000,
        "link": "https://www.sec.gov/Archives/edgar/data/1018724/000101872416000172/0001018724-16-000172-index.html",
        "finalLink": "https://www.sec.gov/Archives/edgar/data/1018724/000101872416000172/amzn-20151231x10k.htm"
    },
    {
        "date": "2014-12-31",
        "symbol": "AMZN",
        "reportedCurrency": "USD",
        "fillingDate": "2015-01-30",
        "acceptedDate": "2015-01-29 19:38:08",
        "period": "FY",
        "revenue": 88988000000,
        "costOfRevenue": 73518000000,
        "grossProfit": 15470000000,
        "grossProfitRatio": 0.17384366431428958,
        "researchAndDevelopmentExpenses": 9275000000,
        "generalAndAdministrativeExpenses": 1552000000,
        "sellingAndMarketingExpenses": 4332000000,
        "otherExpenses": -118000000,
        "operatingExpenses": 15292000000,
        "costAndExpenses": 88810000000,
        "interestExpense": 210000000,
        "depreciationAndAmortization": 4746000000,
        "ebitda": 4924000000,
        "ebitdaratio": 0.05533330336674608,
        "operatingIncome": 178000000,
        "operatingIncomeRatio": 0.002000269699285297,
        "totalOtherIncomeExpensesNet": -118000000,
        "incomeBeforeTax": -111000000,
        "incomeBeforeTaxRatio": -0.0012473591944981346,
        "incomeTaxExpense": 167000000,
        "netIncome": -241000000,
        "netIncomeRatio": -0.0027082303231896437,
        "eps": -0.52,
        "epsdiluted": -0.52,
        "weightedAverageShsOut": 462000000,
        "weightedAverageShsOutDil": 462000000,
        "link": "https://www.sec.gov/Archives/edgar/data/1018724/000101872415000006/amzn-20141231x10k.htm",
        "finalLink": "https://www.sec.gov/Archives/edgar/data/1018724/000101872415000006/amzn-20141231x10k.htm"
    },
    {
        "date": "2013-12-31",
        "symbol": "AMZN",
        "reportedCurrency": "USD",
        "fillingDate": "2014-01-31",
        "acceptedDate": "2014-01-30 21:52:38",
        "period": "FY",
        "revenue": 74452000000,
        "costOfRevenue": 62766000000,
        "grossProfit": 11686000000,
        "grossProfitRatio": 0.1569601891151346,
        "researchAndDevelopmentExpenses": 6565000000,
        "generalAndAdministrativeExpenses": 1129000000,
        "sellingAndMarketingExpenses": 3133000000,
        "otherExpenses": -136000000,
        "operatingExpenses": 10941000000,
        "costAndExpenses": 73707000000,
        "interestExpense": 141000000,
        "depreciationAndAmortization": 3253000000,
        "ebitda": 3998000000,
        "ebitdaratio": 0.05369902756138183,
        "operatingIncome": 745000000,
        "operatingIncomeRatio": 0.010006447106860796,
        "totalOtherIncomeExpensesNet": -136000000,
        "incomeBeforeTax": 506000000,
        "incomeBeforeTaxRatio": 0.0067963251490893465,
        "incomeTaxExpense": 161000000,
        "netIncome": 274000000,
        "netIncomeRatio": 0.0036802234997045076,
        "eps": 0.6,
        "epsdiluted": 0.59,
        "weightedAverageShsOut": 457000000,
        "weightedAverageShsOutDil": 465000000,
        "link": "https://www.sec.gov/Archives/edgar/data/1018724/000101872414000006/amzn-20131231x10k.htm",
        "finalLink": "https://www.sec.gov/Archives/edgar/data/1018724/000101872414000006/amzn-20131231x10k.htm"
    },
    {
        "date": "2012-12-31",
        "symbol": "AMZN",
        "reportedCurrency": "USD",
        "fillingDate": "2013-01-30 00:00:00",
        "acceptedDate": "2013-01-29 19:13:32",
        "period": "FY",
        "revenue": 61093000000,
        "costOfRevenue": 52390000000,
        "grossProfit": 8703000000,
        "grossProfitRatio": 0.14245494573846432,
        "researchAndDevelopmentExpenses": 4564000000,
        "generalAndAdministrativeExpenses": 896000000,
        "sellingAndMarketingExpenses": 2408000000,
        "otherExpenses": -80000000,
        "operatingExpenses": 8027000000,
        "costAndExpenses": 60417000000,
        "interestExpense": 92000000,
        "depreciationAndAmortization": 2159000000,
        "ebitda": 2835000000,
        "ebitdaratio": 0.046404661745208124,
        "operatingIncome": 676000000,
        "operatingIncomeRatio": 0.011065097474342396,
        "totalOtherIncomeExpensesNet": -80000000,
        "incomeBeforeTax": 544000000,
        "incomeBeforeTaxRatio": 0.008904457139115774,
        "incomeTaxExpense": 428000000,
        "netIncome": -39000000,
        "netIncomeRatio": -0.0006383710081351383,
        "eps": -0.09,
        "epsdiluted": -0.09,
        "weightedAverageShsOut": 453000000,
        "weightedAverageShsOutDil": 453000000,
        "link": "https://www.sec.gov/Archives/edgar/data/1018724/000119312513028520/0001193125-13-028520-index.html",
        "finalLink": "https://www.sec.gov/Archives/edgar/data/1018724/000119312513028520/d445434d10k.htm"
    },
    {
        "date": "2011-12-31",
        "symbol": "AMZN",
        "reportedCurrency": "USD",
        "fillingDate": "2012-02-01 00:00:00",
        "acceptedDate": "2012-01-31 21:58:32",
        "period": "FY",
        "revenue": 48077000000,
        "costOfRevenue": 37288000000,
        "grossProfit": 10789000000,
        "grossProfitRatio": 0.22441084094265448,
        "researchAndDevelopmentExpenses": 2909000000,
        "generalAndAdministrativeExpenses": 5234000000,
        "sellingAndMarketingExpenses": 1630000000,
        "otherExpenses": 0.0,
        "operatingExpenses": 9773000000,
        "costAndExpenses": 47061000000,
        "interestExpense": 65000000,
        "depreciationAndAmortization": 1083000000,
        "ebitda": 2099000000,
        "ebitdaratio": 0.043659130145391765,
        "operatingIncome": 1016000000,
        "operatingIncomeRatio": 0.0211327661875741,
        "totalOtherIncomeExpensesNet": -78000000,
        "incomeBeforeTax": 934000000,
        "incomeBeforeTaxRatio": 0.019427168916529732,
        "incomeTaxExpense": 291000000,
        "netIncome": 631000000,
        "netIncomeRatio": 0.013124779000353599,
        "eps": 1.39,
        "epsdiluted": 1.37,
        "weightedAverageShsOut": 453000000,
        "weightedAverageShsOutDil": 461000000,
        "link": "https://www.sec.gov/Archives/edgar/data/1018724/000119312512032846/0001193125-12-032846-index.html",
        "finalLink": "https://www.sec.gov/Archives/edgar/data/1018724/000119312512032846/d269317d10k.htm"
    },
    {
        "date": "2010-12-31",
        "symbol": "AMZN",
        "reportedCurrency": "USD",
        "fillingDate": "2011-01-28",
        "acceptedDate": "2011-01-27 20:08:28",
        "period": "FY",
        "revenue": 34204000000,
        "costOfRevenue": 26561000000,
        "grossProfit": 7643000000,
        "grossProfitRatio": 0.22345339726347796,
        "researchAndDevelopmentExpenses": 1734000000,
        "generalAndAdministrativeExpenses": 3368000000,
        "sellingAndMarketingExpenses": 1029000000,
        "otherExpenses": 0.0,
        "operatingExpenses": 6131000000,
        "costAndExpenses": 32692000000,
        "interestExpense": 39000000,
        "depreciationAndAmortization": 568000000,
        "ebitda": 2080000000,
        "ebitdaratio": 0.06081160098234124,
        "operatingIncome": 1512000000,
        "operatingIncomeRatio": 0.04420535609870191,
        "totalOtherIncomeExpensesNet": -27000000,
        "incomeBeforeTax": 1497000000,
        "incomeBeforeTaxRatio": 0.043766810899310025,
        "incomeTaxExpense": 352000000,
        "netIncome": 1152000000,
        "netIncomeRatio": 0.03368027131329669,
        "eps": 2.58,
        "epsdiluted": 2.53,
        "weightedAverageShsOut": 447000000,
        "weightedAverageShsOutDil": 456000000,
        "link": "https://www.sec.gov/Archives/edgar/data/1018724/000119312511016253/d10k.htm",
        "finalLink": "https://www.sec.gov/Archives/edgar/data/1018724/000119312511016253/d10k.htm"
    },
    {
        "date": "2009-12-31",
        "symbol": "AMZN",
        "reportedCurrency": "USD",
        "fillingDate": "2010-01-29 00:00:00",
        "acceptedDate": "2010-01-28 21:42:22",
        "period": "FY",
        "revenue": 24509000000,
        "costOfRevenue": 18978000000,
        "grossProfit": 5531000000,
        "grossProfitRatio": 0.2256722020482272,
        "researchAndDevelopmentExpenses": 1240000000,
        "generalAndAdministrativeExpenses": 2380000000,
        "sellingAndMarketingExpenses": 680000000,
        "otherExpenses": 0.0,
        "operatingExpenses": 4300000000,
        "costAndExpenses": 23278000000,
        "interestExpense": 34000000,
        "depreciationAndAmortization": 378000000,
        "ebitda": 1609000000,
        "ebitdaratio": 0.0656493532987882,
        "operatingIncome": 1231000000,
        "operatingIncomeRatio": 0.05022644742747562,
        "totalOtherIncomeExpensesNet": -73000000,
        "incomeBeforeTax": 1161000000,
        "incomeBeforeTaxRatio": 0.04737035374760292,
        "incomeTaxExpense": 253000000,
        "netIncome": 902000000,
        "netIncomeRatio": 0.036802807132073935,
        "eps": 2.08,
        "epsdiluted": 2.04,
        "weightedAverageShsOut": 433000000,
        "weightedAverageShsOutDil": 442000000,
        "link": "https://www.sec.gov/Archives/edgar/data/1018724/000119312510016098/0001193125-10-016098-index.html",
        "finalLink": "https://www.sec.gov/Archives/edgar/data/1018724/000119312510016098/d10k.htm"
    },
    {
        "date": "2008-12-31",
        "symbol": "AMZN",
        "reportedCurrency": "USD",
        "fillingDate": "2009-01-30 00:00:00",
        "acceptedDate": "2009-01-29 18:48:15",
        "period": "FY",
        "revenue": 19166000000,
        "costOfRevenue": 14896000000,
        "grossProfit": 4270000000,
        "grossProfitRatio": 0.22279035792549307,
        "researchAndDevelopmentExpenses": 1033000000,
        "generalAndAdministrativeExpenses": 1937000000,
        "sellingAndMarketingExpenses": 482000000,
        "otherExpenses": 0.0,
        "operatingExpenses": 3452000000,
        "costAndExpenses": 18348000000,
        "interestExpense": 71000000,
        "depreciationAndAmortization": 287000000,
        "ebitda": 1105000000,
        "ebitdaratio": 0.057654179275800896,
        "operatingIncome": 818000000,
        "operatingIncomeRatio": 0.042679745382448085,
        "totalOtherIncomeExpensesNet": 71000000,
        "incomeBeforeTax": 901000000,
        "incomeBeforeTaxRatio": 0.047010330794114576,
        "incomeTaxExpense": 247000000,
        "netIncome": 645000000,
        "netIncomeRatio": 0.03365334446415528,
        "eps": 1.52,
        "epsdiluted": 1.49,
        "weightedAverageShsOut": 423000000,
        "weightedAverageShsOutDil": 432000000,
        "link": "https://www.sec.gov/Archives/edgar/data/1018724/000119312509014406/0001193125-09-014406-index.html",
        "finalLink": "https://www.sec.gov/Archives/edgar/data/1018724/000119312509014406/d10k.htm"
    },
    {
        "date": "2007-12-31",
        "symbol": "AMZN",
        "reportedCurrency": "USD",
        "fillingDate": "2008-02-11",
        "acceptedDate": "2008-02-08 21:43:32",
        "period": "FY",
        "revenue": 14835000000,
        "costOfRevenue": 11482000000,
        "grossProfit": 3353000000,
        "grossProfitRatio": 0.2260195483653522,
        "researchAndDevelopmentExpenses": 818000000,
        "generalAndAdministrativeExpenses": 1527000000,
        "sellingAndMarketingExpenses": 344000000,
        "otherExpenses": 0.0,
        "operatingExpenses": 2689000000,
        "costAndExpenses": 14171000000,
        "interestExpense": 77000000,
        "depreciationAndAmortization": 246000000,
        "ebitda": 910000000,
        "ebitdaratio": 0.06134142231209976,
        "operatingIncome": 664000000,
        "operatingIncomeRatio": 0.04475901584091675,
        "totalOtherIncomeExpensesNet": -17000000,
        "incomeBeforeTax": 660000000,
        "incomeBeforeTaxRatio": 0.044489383215369056,
        "incomeTaxExpense": 184000000,
        "netIncome": 476000000,
        "netIncomeRatio": 0.03208628244017526,
        "eps": 1.15,
        "epsdiluted": 1.12,
        "weightedAverageShsOut": 413000000,
        "weightedAverageShsOutDil": 424000000,
        "link": "https://www.sec.gov/Archives/edgar/data/1018724/000119312508024707/d10k.htm",
        "finalLink": "https://www.sec.gov/Archives/edgar/data/1018724/000119312508024707/d10k.htm"
    },
    {
        "date": "2006-12-31",
        "symbol": "AMZN",
        "reportedCurrency": "USD",
        "fillingDate": "2007-02-16",
        "acceptedDate": "2007-02-16 16:14:12",
        "period": "FY",
        "revenue": 10711000000,
        "costOfRevenue": 8255000000,
        "grossProfit": 2456000000,
        "grossProfitRatio": 0.22929698440855195,
        "researchAndDevelopmentExpenses": 662000000,
        "generalAndAdministrativeExpenses": 1132000000,
        "sellingAndMarketingExpenses": 263000000,
        "otherExpenses": 0.0,
        "operatingExpenses": 2057000000,
        "costAndExpenses": 10312000000,
        "interestExpense": 78000000,
        "depreciationAndAmortization": 205000000,
        "ebitda": 604000000,
        "ebitdaratio": 0.05639062645878069,
        "operatingIncome": 399000000,
        "operatingIncomeRatio": 0.03725142376995612,
        "totalOtherIncomeExpensesNet": -3000000.0,
        "incomeBeforeTax": 377000000,
        "incomeBeforeTaxRatio": 0.03519746055457007,
        "incomeTaxExpense": 187000000,
        "netIncome": 190000000,
        "netIncomeRatio": 0.01773877322378863,
        "eps": 0.46,
        "epsdiluted": 0.45,
        "weightedAverageShsOut": 416000000,
        "weightedAverageShsOutDil": 424000000,
        "link": "https://www.sec.gov/Archives/edgar/data/1018724/000119312507034081/d10k.htm",
        "finalLink": "https://www.sec.gov/Archives/edgar/data/1018724/000119312507034081/d10k.htm"
    },
    {
        "date": "2005-12-31",
        "symbol": "AMZN",
        "reportedCurrency": "USD",
        "fillingDate": "2006-02-17",
        "acceptedDate": "2006-02-17 08:52:50",
        "period": "FY",
        "revenue": 8490000000,
        "costOfRevenue": 6451000000,
        "grossProfit": 2039000000,
        "grossProfitRatio": 0.24016489988221437,
        "researchAndDevelopmentExpenses": 451000000,
        "generalAndAdministrativeExpenses": 0.0,
        "sellingAndMarketingExpenses": 0.0,
        "otherExpenses": 0.0,
        "operatingExpenses": 1607000000,
        "costAndExpenses": 8058000000,
        "interestExpense": 0.0,
        "depreciationAndAmortization": 121000000,
        "ebitda": 553000000,
        "ebitdaratio": 0.06513545347467609,
        "operatingIncome": 432000000,
        "operatingIncomeRatio": 0.05088339222614841,
        "totalOtherIncomeExpensesNet": 44000000,
        "incomeBeforeTax": 428000000,
        "incomeBeforeTaxRatio": 0.05041224970553593,
        "incomeTaxExpense": 95000000,
        "netIncome": 359000000,
        "netIncomeRatio": 0.04228504122497055,
        "eps": 0.87,
        "epsdiluted": 0.84,
        "weightedAverageShsOut": 412000000,
        "weightedAverageShsOutDil": 426000000,
        "link": "https://www.sec.gov/Archives/edgar/data/1018724/000119312506034166/d10k.htm",
        "finalLink": "https://www.sec.gov/Archives/edgar/data/1018724/000119312506034166/d10k.htm"
    },
    {
        "date": "2004-12-31",
        "symbol": "AMZN",
        "reportedCurrency": "USD",
        "fillingDate": "2005-03-11 00:00:00",
        "acceptedDate": "2005-03-11 06:20:27",
        "period": "FY",
        "revenue": 6921124000,
        "costOfRevenue": 5319127000,
        "grossProfit": 1601997000,
        "grossProfitRatio": 0.23146486033193453,
        "researchAndDevelopmentExpenses": 251195000,
        "generalAndAdministrativeExpenses": 0.0,
        "sellingAndMarketingExpenses": 0.0,
        "otherExpenses": 0.0,
        "operatingExpenses": 1161572000,
        "costAndExpenses": 6480699000,
        "interestExpense": 0.0,
        "depreciationAndAmortization": 75724000,
        "ebitda": 516149000,
        "ebitdaratio": 0.07457589258623311,
        "operatingIncome": 440425000,
        "operatingIncomeRatio": 0.06363489514130942,
        "totalOtherIncomeExpensesNet": 2439000.0,
        "incomeBeforeTax": 355870000,
        "incomeBeforeTaxRatio": 0.051417948876511965,
        "incomeTaxExpense": -232581000,
        "netIncome": 588451000,
        "netIncomeRatio": 0.08502246166952072,
        "eps": 1.45,
        "epsdiluted": 1.39,
        "weightedAverageShsOut": 405926000,
        "weightedAverageShsOutDil": 424757000,
        "link": "https://www.sec.gov/Archives/edgar/data/1018724/000119312505047032/0001193125-05-047032-index.html",
        "finalLink": "https://www.sec.gov/Archives/edgar/data/1018724/000119312505047032/d10k.htm"
    },
    {
        "date": "2003-12-31",
        "symbol": "AMZN",
        "reportedCurrency": "USD",
        "fillingDate": "2004-02-25 00:00:00",
        "acceptedDate": "2004-02-25 17:25:47",
        "period": "FY",
        "revenue": 5263699000,
        "costOfRevenue": 4006531000,
        "grossProfit": 1257168000,
        "grossProfitRatio": 0.23883736513049095,
        "researchAndDevelopmentExpenses": 207809000,
        "generalAndAdministrativeExpenses": 653085000,
        "sellingAndMarketingExpenses": 122787000,
        "otherExpenses": 0.0,
        "operatingExpenses": 986433000,
        "costAndExpenses": 4992964000,
        "interestExpense": 0.0,
        "depreciationAndAmortization": 2752000.0,
        "ebitda": 273487000,
        "ebitdaratio": 0.051957188281472784,
        "operatingIncome": 270735000,
        "operatingIncomeRatio": 0.05143436203323936,
        "totalOtherIncomeExpensesNet": -127429000,
        "incomeBeforeTax": 0.0,
        "incomeBeforeTaxRatio": 0.0,
        "incomeTaxExpense": 0.0,
        "netIncome": 35282000,
        "netIncomeRatio": 0.00670289087578906,
        "eps": 0.09,
        "epsdiluted": 0.08,
        "weightedAverageShsOut": 395479000,
        "weightedAverageShsOutDil": 419352000,
        "link": "https://www.sec.gov/Archives/edgar/data/1018724/000119312504029488/0001193125-04-029488-index.html",
        "finalLink": "https://www.sec.gov/Archives/edgar/data/1018724/000119312504029488/d10k.htm"
    },
    {
        "date": "2002-12-31",
        "symbol": "AMZN",
        "reportedCurrency": "USD",
        "fillingDate": "2003-02-19 00:00:00",
        "acceptedDate": "2003-02-19 08:03:25",
        "period": "FY",
        "revenue": 3932936000,
        "costOfRevenue": 2940318000,
        "grossProfit": 992618000,
        "grossProfitRatio": 0.25238600373868275,
        "researchAndDevelopmentExpenses": 215617000,
        "generalAndAdministrativeExpenses": 540443000,
        "sellingAndMarketingExpenses": 125383000,
        "otherExpenses": 0.0,
        "operatingExpenses": 886921000,
        "costAndExpenses": 3827239000,
        "interestExpense": 0.0,
        "depreciationAndAmortization": 5478000.0,
        "ebitda": 111175000,
        "ebitdaratio": 0.02826768602387631,
        "operatingIncome": 105697000,
        "operatingIncomeRatio": 0.02687483345775268,
        "totalOtherIncomeExpensesNet": -136392000,
        "incomeBeforeTax": 0.0,
        "incomeBeforeTaxRatio": 0.0,
        "incomeTaxExpense": 0.0,
        "netIncome": -149132000,
        "netIncomeRatio": -0.03791874569024261,
        "eps": -0.39,
        "epsdiluted": -0.39,
        "weightedAverageShsOut": 378363000,
        "weightedAverageShsOutDil": 378363000,
        "link": "https://www.sec.gov/Archives/edgar/data/1018724/000095014903000355/0000950149-03-000355-index.html",
        "finalLink": "https://www.sec.gov/Archives/edgar/data/1018724/000095014903000355/v87419ore10vk.htm"
    },
    {
        "date": "2001-12-31",
        "symbol": "AMZN",
        "reportedCurrency": "USD",
        "fillingDate": "2002-01-24",
        "acceptedDate": "2002-01-24 00:00:00",
        "period": "FY",
        "revenue": 3122433000,
        "costOfRevenue": 2323875000,
        "grossProfit": 798558000,
        "grossProfitRatio": 0.25574864216461973,
        "researchAndDevelopmentExpenses": 241165000,
        "generalAndAdministrativeExpenses": 94499000,
        "sellingAndMarketingExpenses": 512533000,
        "otherExpenses": 0.0,
        "operatingExpenses": 1029230000,
        "costAndExpenses": 3353105000,
        "interestExpense": 0.0,
        "depreciationAndAmortization": 181033000,
        "ebitda": -49639000,
        "ebitdaratio": -0.01589753887433293,
        "operatingIncome": -230672000,
        "operatingIncomeRatio": -0.07387572447511284,
        "totalOtherIncomeExpensesNet": -215953000,
        "incomeBeforeTax": 0.0,
        "incomeBeforeTaxRatio": 0.0,
        "incomeTaxExpense": 0.0,
        "netIncome": -567277000,
        "netIncomeRatio": -0.18167787747567363,
        "eps": -1.56,
        "epsdiluted": -1.56,
        "weightedAverageShsOut": 364211000,
        "weightedAverageShsOutDil": 364211000,
        "link": "https://www.sec.gov/Archives/edgar/data/1018724/000103221002000059/d10k405.htm",
        "finalLink": "https://www.sec.gov/Archives/edgar/data/1018724/000103221002000059/d10k405.htm"
    },
    {
        "date": "2000-12-31",
        "symbol": "AMZN",
        "reportedCurrency": "USD",
        "fillingDate": "2000-12-31",
        "acceptedDate": "2000-12-31",
        "period": "FY",
        "revenue": 2761983000,
        "costOfRevenue": 2106206000,
        "grossProfit": 655777000,
        "grossProfitRatio": 0.2374297741876036,
        "researchAndDevelopmentExpenses": 269326000,
        "generalAndAdministrativeExpenses": 133759000,
        "sellingAndMarketingExpenses": 594489000,
        "otherExpenses": 0.0,
        "operatingExpenses": 1519657000,
        "costAndExpenses": 3625863000,
        "interestExpense": 0.0,
        "depreciationAndAmortization": 321772000,
        "ebitda": -542108000,
        "ebitdaratio": -0.19627492276382585,
        "operatingIncome": -863880000,
        "operatingIncomeRatio": -0.3127752777623903,
        "totalOtherIncomeExpensesNet": -657604000,
        "incomeBeforeTax": 0.0,
        "incomeBeforeTaxRatio": 0.0,
        "incomeTaxExpense": 0.0,
        "netIncome": -1411273000,
        "netIncomeRatio": -0.5109636808046972,
        "eps": -4.02,
        "epsdiluted": -4.02,
        "weightedAverageShsOut": 350873000,
        "weightedAverageShsOutDil": 350873000,
        "link": "",
        "finalLink": ""
    },
    {
        "date": "1999-12-31",
        "symbol": "AMZN",
        "reportedCurrency": "USD",
        "fillingDate": "2000-03-29 00:00:00",
        "acceptedDate": "2000-03-29 00:00:00",
        "period": "FY",
        "revenue": 1639839000,
        "costOfRevenue": 1349194000,
        "grossProfit": 290645000,
        "grossProfitRatio": 0.17723996075224457,
        "researchAndDevelopmentExpenses": 159722000,
        "generalAndAdministrativeExpenses": 100762000,
        "sellingAndMarketingExpenses": 413150000,
        "otherExpenses": 0.0,
        "operatingExpenses": 888328000,
        "costAndExpenses": 2237522000,
        "interestExpense": 0.0,
        "depreciationAndAmortization": 214694000,
        "ebitda": -382989000,
        "ebitdaratio": -0.23355280609864748,
        "operatingIncome": -597683000,
        "operatingIncomeRatio": -0.36447663459644514,
        "totalOtherIncomeExpensesNet": -83170000,
        "incomeBeforeTax": 0.0,
        "incomeBeforeTaxRatio": 0.0,
        "incomeTaxExpense": 0.0,
        "netIncome": -719968000,
        "netIncomeRatio": -0.43904797971020326,
        "eps": -2.2,
        "epsdiluted": -2.2,
        "weightedAverageShsOut": 326753000,
        "weightedAverageShsOutDil": 326753000,
        "link": "https://www.sec.gov/Archives/edgar/data/1018724/000089102000000622/0000891020-00-000622-index.html",
        "finalLink": "https://www.sec.gov/Archives/edgar/data/1018724/0000891020-00-000622.txt"
    },
    {
        "date": "1998-12-31",
        "symbol": "AMZN",
        "reportedCurrency": "USD",
        "fillingDate": "1999-03-05 00:00:00",
        "acceptedDate": "1999-03-05 00:00:00",
        "period": "FY",
        "revenue": 609996000,
        "costOfRevenue": 476155000,
        "grossProfit": 133841000,
        "grossProfitRatio": 0.21941291418304382,
        "researchAndDevelopmentExpenses": 46807000,
        "generalAndAdministrativeExpenses": 15799000,
        "sellingAndMarketingExpenses": 133023000,
        "otherExpenses": 0.0,
        "operatingExpenses": 245801000,
        "costAndExpenses": 721956000,
        "interestExpense": 0.0,
        "depreciationAndAmortization": 12078000,
        "ebitda": -99882000,
        "ebitdaratio": -0.16374205732496608,
        "operatingIncome": -111960000,
        "operatingIncomeRatio": -0.18354218716188303,
        "totalOtherIncomeExpensesNet": -50172000,
        "incomeBeforeTax": 0.0,
        "incomeBeforeTaxRatio": 0.0,
        "incomeTaxExpense": 0.0,
        "netIncome": -124546000,
        "netIncomeRatio": -0.20417510934497932,
        "eps": -0.42,
        "epsdiluted": -0.42,
        "weightedAverageShsOut": 296344000,
        "weightedAverageShsOutDil": 296344000,
        "link": "https://www.sec.gov/Archives/edgar/data/1018724/000089102099000375/0000891020-99-000375-index.html",
        "finalLink": "https://www.sec.gov/Archives/edgar/data/1018724/0000891020-99-000375.txt"
    },
    {
        "date": "1997-12-31",
        "symbol": "AMZN",
        "reportedCurrency": "USD",
        "fillingDate": "1997-12-31",
        "acceptedDate": "1997-12-31",
        "period": "FY",
        "revenue": 147800000,
        "costOfRevenue": 114200000,
        "grossProfit": 33600000,
        "grossProfitRatio": 0.2273342354533153,
        "researchAndDevelopmentExpenses": 12500000,
        "generalAndAdministrativeExpenses": 45500000,
        "sellingAndMarketingExpenses": 0.0,
        "otherExpenses": 0.0,
        "operatingExpenses": 62700000,
        "costAndExpenses": 176900000,
        "interestExpense": 0.0,
        "depreciationAndAmortization": 4700000.0,
        "ebitda": -24400000,
        "ebitdaratio": -0.16508795669824086,
        "operatingIncome": -29100000,
        "operatingIncomeRatio": -0.19688768606224627,
        "totalOtherIncomeExpensesNet": 1900000.0,
        "incomeBeforeTax": 0.0,
        "incomeBeforeTaxRatio": 0.0,
        "incomeTaxExpense": 0.0,
        "netIncome": -27600000,
        "netIncomeRatio": -0.18673883626522328,
        "eps": -0.1062306590919588,
        "epsdiluted": -0.10557377066487503,
        "weightedAverageShsOut": 259812000,
        "weightedAverageShsOutDil": 261428571,
        "link": "",
        "finalLink": ""
    },
    {
        "date": "1996-12-31",
        "symbol": "AMZN",
        "reportedCurrency": "USD",
        "fillingDate": "1996-12-31",
        "acceptedDate": "1996-12-31",
        "period": "FY",
        "revenue": 15700000,
        "costOfRevenue": 12000000,
        "grossProfit": 3700000.0,
        "grossProfitRatio": 0.2356687898089172,
        "researchAndDevelopmentExpenses": 0.0,
        "generalAndAdministrativeExpenses": 9400000.0,
        "sellingAndMarketingExpenses": 0.0,
        "otherExpenses": 0.0,
        "operatingExpenses": 9700000.0,
        "costAndExpenses": 21700000,
        "interestExpense": 0.0,
        "depreciationAndAmortization": 300000.0,
        "ebitda": -5700000.0,
        "ebitdaratio": -0.3630573248407643,
        "operatingIncome": -6000000.0,
        "operatingIncomeRatio": -0.3821656050955414,
        "totalOtherIncomeExpensesNet": 200000.0,
        "incomeBeforeTax": 0.0,
        "incomeBeforeTaxRatio": 0.0,
        "incomeTaxExpense": 0.0,
        "netIncome": -5800000.0,
        "netIncomeRatio": -0.36942675159235666,
        "eps": -0.03,
        "epsdiluted": -0.03,
        "weightedAverageShsOut": 193333333,
        "weightedAverageShsOutDil": 193333333,
        "link": "",
        "finalLink": ""
    }
]