[
    {
        "date": "2020-12-31",
        "symbol": "V",
        "reportedCurrency": "USD",
        "fillingDate": "2021-01-29",
        "acceptedDate": "2021-01-29 16:02:28",
        "period": "Q1",
        "revenue": 5687000000,
        "costOfRevenue": 1154000000,
        "grossProfit": 4533000000,
        "grossProfitRatio": 0.7970810620713908,
        "researchAndDevelopmentExpenses": 0.0,
        "generalAndAdministrativeExpenses": 286000000,
        "sellingAndMarketingExpenses": 205000000,
        "otherExpenses": 0.0,
        "operatingExpenses": 688000000,
        "costAndExpenses": 1842000000,
        "interestExpense": 136000000,
        "depreciationAndAmortization": 197000000,
        "ebitda": 4042000000,
        "ebitdaratio": 0.7107438016528925,
        "operatingIncome": 3845000000,
        "operatingIncomeRatio": 0.6761033937049411,
        "totalOtherIncomeExpensesNet": 39000000,
        "incomeBeforeTax": 3748000000,
        "incomeBeforeTaxRatio": 0.6590469491823457,
        "incomeTaxExpense": 622000000,
        "netIncome": 3126000000,
        "netIncomeRatio": 0.5496746966766309,
        "eps": 1.4637668536879338,
        "epsdiluted": 1.420909090909091,
        "weightedAverageShsOut": 2135586000,
        "weightedAverageShsOutDil": 2200000000,
        "link": "https://www.sec.gov/Archives/edgar/data/1403161/000140316121000012/0001403161-21-000012-index.htm",
        "finalLink": "https://www.sec.gov/Archives/edgar/data/1403161/000140316120000070/v-20200930.htm"
    },
    {
        "date": "2020-09-30",
        "symbol": "V",
        "reportedCurrency": "USD",
        "fillingDate": "2020-11-19",
        "acceptedDate": "2020-11-19 16:03:34",
        "period": "Q4",
        "revenue": 5101000000,
        "costOfRevenue": 1113000000,
        "grossProfit": 3988000000,
        "grossProfitRatio": 0.7818074887277005,
        "researchAndDevelopmentExpenses": 0.0,
        "generalAndAdministrativeExpenses": 360000000,
        "sellingAndMarketingExpenses": 288000000,
        "otherExpenses": 0.0,
        "operatingExpenses": 844000000,
        "costAndExpenses": 1957000000,
        "interestExpense": 145000000,
        "depreciationAndAmortization": 196000000,
        "ebitda": 3340000000,
        "ebitdaratio": 0.6547735738090571,
        "operatingIncome": 3144000000,
        "operatingIncomeRatio": 0.6163497353460106,
        "totalOtherIncomeExpensesNet": 56000000,
        "incomeBeforeTax": 3055000000,
        "incomeBeforeTaxRatio": 0.5989021760439129,
        "incomeTaxExpense": 918000000,
        "netIncome": 2137000000,
        "netIncomeRatio": 0.4189374632425015,
        "eps": 0.97,
        "epsdiluted": 0.97,
        "weightedAverageShsOut": 2131000000,
        "weightedAverageShsOutDil": 2131000000,
        "link": "https://www.sec.gov/Archives/edgar/data/1403161/000140316120000070/0001403161-20-000070-index.htm",
        "finalLink": "https://www.sec.gov/Archives/edgar/data/1403161/000140316120000070/v-20200930.htm"
    },
    {
        "date": "2020-06-30",
        "symbol": "V",
        "reportedCurrency": "USD",
        "fillingDate": "2020-07-31",
        "acceptedDate": "2020-07-30 21:38:58",
        "period": "Q3",
        "revenue": 4837000000,
        "costOfRevenue": 1113000000,
        "grossProfit": 3724000000,
        "grossProfitRatio": 0.7698986975397974,
        "researchAndDevelopmentExpenses": 0.0,
        "generalAndAdministrativeExpenses": 353000000,
        "sellingAndMarketingExpenses": 174000000,
        "otherExpenses": 0.0,
        "operatingExpenses": 724000000,
        "costAndExpenses": 1837000000,
        "interestExpense": 142000000,
        "depreciationAndAmortization": 197000000,
        "ebitda": 3197000000,
        "ebitdaratio": 0.6609468678933224,
        "operatingIncome": 3000000000,
        "operatingIncomeRatio": 0.6202191440975812,
        "totalOtherIncomeExpensesNet": 74000000,
        "incomeBeforeTax": 2932000000,
        "incomeBeforeTaxRatio": 0.606160843498036,
        "incomeTaxExpense": 559000000,
        "netIncome": 2373000000,
        "netIncomeRatio": 0.4905933429811867,
        "eps": 1.1135617081182543,
        "epsdiluted": 1.0718157181571815,
        "weightedAverageShsOut": 2131000000,
        "weightedAverageShsOutDil": 2214000000,
        "link": "https://www.sec.gov/Archives/edgar/data/1403161/000140316120000048/0001403161-20-000048-index.htm",
        "finalLink": "https://www.sec.gov/Archives/edgar/data/1403161/000140316120000048/v-20200630.htm"
    },
    {
        "date": "2020-03-31",
        "symbol": "V",
        "reportedCurrency": "USD",
        "fillingDate": "2020-05-04 00:00:00",
        "acceptedDate": "2020-05-04 09:04:51",
        "period": "Q2",
        "revenue": 5854000000,
        "costOfRevenue": 1123000000,
        "grossProfit": 4731000000,
        "grossProfitRatio": 0.8081653570208405,
        "researchAndDevelopmentExpenses": 0.0,
        "generalAndAdministrativeExpenses": 372000000,
        "sellingAndMarketingExpenses": 235000000,
        "otherExpenses": 0.0,
        "operatingExpenses": 799000000,
        "costAndExpenses": 1922000000,
        "interestExpense": 118000000,
        "depreciationAndAmortization": 192000000,
        "ebitda": 4124000000,
        "ebitdaratio": 0.7044755722582849,
        "operatingIncome": 3932000000,
        "operatingIncomeRatio": 0.6716774854800137,
        "totalOtherIncomeExpensesNet": 15000000,
        "incomeBeforeTax": 3829000000,
        "incomeBeforeTaxRatio": 0.6540826785104202,
        "incomeTaxExpense": 745000000,
        "netIncome": 3084000000,
        "netIncomeRatio": 0.5268192688759822,
        "eps": 1.39,
        "epsdiluted": 1.38,
        "weightedAverageShsOut": 2145000000,
        "weightedAverageShsOutDil": 2228000000,
        "link": "https://www.sec.gov/Archives/edgar/data/1403161/000140316120000028/0001403161-20-000028-index.html",
        "finalLink": "https://www.sec.gov/Archives/edgar/data/1403161/000140316120000028/v033120form10q.htm"
    },
    {
        "date": "2019-12-31",
        "symbol": "V",
        "reportedCurrency": "USD",
        "fillingDate": "2020-01-31 00:00:00",
        "acceptedDate": "2020-01-31 16:06:01",
        "period": "Q1",
        "revenue": 6054000000,
        "costOfRevenue": 1163000000,
        "grossProfit": 4891000000,
        "grossProfitRatio": 0.8078956062107697,
        "researchAndDevelopmentExpenses": 0.0,
        "generalAndAdministrativeExpenses": 419000000,
        "sellingAndMarketingExpenses": 274000000,
        "otherExpenses": 0.0,
        "operatingExpenses": 875000000,
        "costAndExpenses": 2038000000,
        "interestExpense": 0.0,
        "depreciationAndAmortization": 182000000,
        "ebitda": 4198000000,
        "ebitdaratio": 0.6934258341592335,
        "operatingIncome": 4016000000,
        "operatingIncomeRatio": 0.6633630657416584,
        "totalOtherIncomeExpensesNet": 69000000,
        "incomeBeforeTax": 3974000000,
        "incomeBeforeTaxRatio": 0.6564255037991411,
        "incomeTaxExpense": 702000000,
        "netIncome": 3272000000,
        "netIncomeRatio": 0.5404691113313512,
        "eps": 1.518621210756962,
        "epsdiluted": 1.4607142857142856,
        "weightedAverageShsOut": 2154586000,
        "weightedAverageShsOutDil": 2240000000,
        "link": "https://www.sec.gov/Archives/edgar/data/1403161/000140316120000012/0001403161-20-000012-index.html",
        "finalLink": "https://www.sec.gov/Archives/edgar/data/1403161/000140316120000012/v123119form10q.htm"
    },
    {
        "date": "2019-09-30",
        "symbol": "V",
        "reportedCurrency": "USD",
        "fillingDate": "2019-11-14 00:00:00",
        "acceptedDate": "2019-11-14 15:35:00",
        "period": "Q4",
        "revenue": 6137000000,
        "costOfRevenue": 1064000000,
        "grossProfit": 5073000000,
        "grossProfitRatio": 0.826625386996904,
        "researchAndDevelopmentExpenses": 0.0,
        "generalAndAdministrativeExpenses": 490000000,
        "sellingAndMarketingExpenses": 306000000,
        "otherExpenses": 0.0,
        "operatingExpenses": 968000000,
        "costAndExpenses": 2032000000,
        "interestExpense": 120000000,
        "depreciationAndAmortization": 172000000,
        "ebitda": 4277000000,
        "ebitdaratio": 0.6969203193742871,
        "operatingIncome": 4105000000,
        "operatingIncomeRatio": 0.6688935962196513,
        "totalOtherIncomeExpensesNet": -274000000,
        "incomeBeforeTax": 3711000000,
        "incomeBeforeTaxRatio": 0.604692846667753,
        "incomeTaxExpense": 686000000,
        "netIncome": 3025000000,
        "netIncomeRatio": 0.49291184617891476,
        "eps": 1.3957452149009297,
        "epsdiluted": 1.3426542387927207,
        "weightedAverageShsOut": 2167301000,
        "weightedAverageShsOutDil": 2253000000,
        "link": "https://www.sec.gov/Archives/edgar/data/1403161/000140316119000050/0001403161-19-000050-index.html",
        "finalLink": "https://www.sec.gov/Archives/edgar/data/1403161/000140316119000050/v093019form10k.htm"
    },
    {
        "date": "2019-06-30",
        "symbol": "V",
        "reportedCurrency": "USD",
        "fillingDate": "2019-07-26 00:00:00",
        "acceptedDate": "2019-07-26 16:07:11",
        "period": "Q3",
        "revenue": 5840000000,
        "costOfRevenue": 1056000000,
        "grossProfit": 4784000000,
        "grossProfitRatio": 0.8191780821917808,
        "researchAndDevelopmentExpenses": 0.0,
        "generalAndAdministrativeExpenses": 428000000,
        "sellingAndMarketingExpenses": 282000000,
        "otherExpenses": 0.0,
        "operatingExpenses": 875000000,
        "costAndExpenses": 1931000000,
        "interestExpense": 128000000,
        "depreciationAndAmortization": 165000000,
        "ebitda": 4074000000,
        "ebitdaratio": 0.6976027397260274,
        "operatingIncome": 3909000000,
        "operatingIncomeRatio": 0.6693493150684932,
        "totalOtherIncomeExpensesNet": 85000000,
        "incomeBeforeTax": 3866000000,
        "incomeBeforeTaxRatio": 0.661986301369863,
        "incomeTaxExpense": 765000000,
        "netIncome": 3101000000,
        "netIncomeRatio": 0.5309931506849315,
        "eps": 1.4209772162501872,
        "epsdiluted": 1.3690949227373068,
        "weightedAverageShsOut": 2182301000,
        "weightedAverageShsOutDil": 2265000000,
        "link": "https://www.sec.gov/Archives/edgar/data/1403161/000140316119000030/0001403161-19-000030-index.html",
        "finalLink": "https://www.sec.gov/Archives/edgar/data/1403161/000140316119000030/v63019form10q.htm"
    },
    {
        "date": "2019-03-31",
        "symbol": "V",
        "reportedCurrency": "USD",
        "fillingDate": "2019-04-26 00:00:00",
        "acceptedDate": "2019-04-26 16:06:57",
        "period": "Q2",
        "revenue": 5494000000,
        "costOfRevenue": 1065000000,
        "grossProfit": 4429000000,
        "grossProfitRatio": 0.806152165999272,
        "researchAndDevelopmentExpenses": 0.0,
        "generalAndAdministrativeExpenses": 365000000,
        "sellingAndMarketingExpenses": 241000000,
        "otherExpenses": 0.0,
        "operatingExpenses": 766000000,
        "costAndExpenses": 1831000000,
        "interestExpense": 0.0,
        "depreciationAndAmortization": 160000000,
        "ebitda": 3823000000,
        "ebitdaratio": 0.6958500182016746,
        "operatingIncome": 3663000000,
        "operatingIncomeRatio": 0.6667273389151802,
        "totalOtherIncomeExpensesNet": 154000000,
        "incomeBeforeTax": 3677000000,
        "incomeBeforeTaxRatio": 0.6692755733527485,
        "incomeTaxExpense": 700000000,
        "netIncome": 2977000000,
        "netIncomeRatio": 0.5418638514743357,
        "eps": 1.3560788958228944,
        "epsdiluted": 1.3062746818780167,
        "weightedAverageShsOut": 2195300000,
        "weightedAverageShsOutDil": 2279000000,
        "link": "https://www.sec.gov/Archives/edgar/data/1403161/000140316119000017/0001403161-19-000017-index.html",
        "finalLink": "https://www.sec.gov/Archives/edgar/data/1403161/000140316119000017/v33119form10q.htm"
    },
    {
        "date": "2018-12-31",
        "symbol": "V",
        "reportedCurrency": "USD",
        "fillingDate": "2019-01-31 00:00:00",
        "acceptedDate": "2019-01-31 16:16:27",
        "period": "Q1",
        "revenue": 5506000000,
        "costOfRevenue": 980000000,
        "grossProfit": 4526000000,
        "grossProfitRatio": 0.8220123501634581,
        "researchAndDevelopmentExpenses": 0.0,
        "generalAndAdministrativeExpenses": 367000000,
        "sellingAndMarketingExpenses": 276000000,
        "otherExpenses": 58000000,
        "operatingExpenses": 802000000,
        "costAndExpenses": 1782000000,
        "interestExpense": 145000000,
        "depreciationAndAmortization": 159000000,
        "ebitda": 3883000000,
        "ebitdaratio": 0.7052306574645841,
        "operatingIncome": 3724000000,
        "operatingIncomeRatio": 0.6763530693788594,
        "totalOtherIncomeExpensesNet": 51000000,
        "incomeBeforeTax": 3630000000,
        "incomeBeforeTaxRatio": 0.6592807845986197,
        "incomeTaxExpense": 653000000,
        "netIncome": 2977000000,
        "netIncomeRatio": 0.5406828913912096,
        "eps": 1.352567014993185,
        "epsdiluted": 1.2994325621999128,
        "weightedAverageShsOut": 2201000000,
        "weightedAverageShsOutDil": 2291000000,
        "link": "https://www.sec.gov/Archives/edgar/data/1403161/000140316119000005/0001403161-19-000005-index.html",
        "finalLink": "https://www.sec.gov/Archives/edgar/data/1403161/000140316119000005/v123118form10q.htm"
    },
    {
        "date": "2018-09-30",
        "symbol": "V",
        "reportedCurrency": "USD",
        "fillingDate": "2018-11-16 00:00:00",
        "acceptedDate": "2018-11-16 16:10:27",
        "period": "Q4",
        "revenue": 5434000000,
        "costOfRevenue": 1003000000,
        "grossProfit": 4431000000,
        "grossProfitRatio": 0.8154214206845786,
        "researchAndDevelopmentExpenses": 0.0,
        "generalAndAdministrativeExpenses": 591000000,
        "sellingAndMarketingExpenses": 264000000,
        "otherExpenses": 282000000,
        "operatingExpenses": 1018000000,
        "costAndExpenses": 2021000000,
        "interestExpense": 150000000,
        "depreciationAndAmortization": 163000000,
        "ebitda": 3576000000,
        "ebitdaratio": 0.6580787633419213,
        "operatingIncome": 3413000000,
        "operatingIncomeRatio": 0.6280824438719176,
        "totalOtherIncomeExpensesNet": 275000000,
        "incomeBeforeTax": 3538000000,
        "incomeBeforeTaxRatio": 0.6510857563489142,
        "incomeTaxExpense": 693000000,
        "netIncome": 2845000000,
        "netIncomeRatio": 0.5235553919764446,
        "eps": 1.24,
        "epsdiluted": 1.23,
        "weightedAverageShsOut": 2221301000,
        "weightedAverageShsOutDil": 2306000000,
        "link": "https://www.sec.gov/Archives/edgar/data/1403161/000140316118000055/0001403161-18-000055-index.html",
        "finalLink": "https://www.sec.gov/Archives/edgar/data/1403161/000140316118000055/v093018.htm"
    },
    {
        "date": "2018-06-30",
        "symbol": "V",
        "reportedCurrency": "USD",
        "fillingDate": "2018-07-27 00:00:00",
        "acceptedDate": "2018-07-27 16:06:49",
        "period": "Q3",
        "revenue": 5240000000,
        "costOfRevenue": 1021000000,
        "grossProfit": 4219000000,
        "grossProfitRatio": 0.8051526717557251,
        "researchAndDevelopmentExpenses": 0.0,
        "generalAndAdministrativeExpenses": 342000000,
        "sellingAndMarketingExpenses": 240000000,
        "otherExpenses": 82000000,
        "operatingExpenses": 734000000,
        "costAndExpenses": 1755000000,
        "interestExpense": 155000000,
        "depreciationAndAmortization": 152000000,
        "ebitda": 3637000000,
        "ebitdaratio": 0.6940839694656489,
        "operatingIncome": 3485000000,
        "operatingIncomeRatio": 0.6650763358778626,
        "totalOtherIncomeExpensesNet": -518000000,
        "incomeBeforeTax": 2812000000,
        "incomeBeforeTaxRatio": 0.5366412213740458,
        "incomeTaxExpense": 483000000,
        "netIncome": 2329000000,
        "netIncomeRatio": 0.4444656488549618,
        "eps": 1.043458781362007,
        "epsdiluted": 1.003446790176648,
        "weightedAverageShsOut": 2232000000,
        "weightedAverageShsOutDil": 2321000000,
        "link": "https://www.sec.gov/Archives/edgar/data/1403161/000140316118000034/0001403161-18-000034-index.html",
        "finalLink": "https://www.sec.gov/Archives/edgar/data/1403161/000140316118000034/v63018form10q.htm"
    },
    {
        "date": "2018-03-31",
        "symbol": "V",
        "reportedCurrency": "USD",
        "fillingDate": "2018-04-27 00:00:00",
        "acceptedDate": "2018-04-27 16:06:38",
        "period": "Q2",
        "revenue": 5073000000,
        "costOfRevenue": 993000000,
        "grossProfit": 4080000000,
        "grossProfitRatio": 0.8042578356002366,
        "researchAndDevelopmentExpenses": 0.0,
        "generalAndAdministrativeExpenses": 330000000,
        "sellingAndMarketingExpenses": 261000000,
        "otherExpenses": 34000000,
        "operatingExpenses": 744000000,
        "costAndExpenses": 1737000000,
        "interestExpense": 153000000,
        "depreciationAndAmortization": 153000000,
        "ebitda": 3489000000,
        "ebitdaratio": 0.6877587226493199,
        "operatingIncome": 3336000000,
        "operatingIncomeRatio": 0.657599053814311,
        "totalOtherIncomeExpensesNet": 34000000,
        "incomeBeforeTax": 3217000000,
        "incomeBeforeTaxRatio": 0.6341415336093041,
        "incomeTaxExpense": 612000000,
        "netIncome": 2605000000,
        "netIncomeRatio": 0.5135028582692687,
        "eps": 1.12,
        "epsdiluted": 1.11,
        "weightedAverageShsOut": 2252000000,
        "weightedAverageShsOutDil": 2337000000,
        "link": "https://www.sec.gov/Archives/edgar/data/1403161/000140316118000020/0001403161-18-000020-index.html",
        "finalLink": "https://www.sec.gov/Archives/edgar/data/1403161/000140316118000020/v33118form10q.htm"
    },
    {
        "date": "2017-12-31",
        "symbol": "V",
        "reportedCurrency": "USD",
        "fillingDate": "2018-02-01 00:00:00",
        "acceptedDate": "2018-02-01 16:15:13",
        "period": "Q1",
        "revenue": 4862000000,
        "costOfRevenue": 839000000,
        "grossProfit": 4023000000,
        "grossProfitRatio": 0.8274372686137392,
        "researchAndDevelopmentExpenses": 0.0,
        "generalAndAdministrativeExpenses": 328000000,
        "sellingAndMarketingExpenses": 223000000,
        "otherExpenses": 66000000,
        "operatingExpenses": 696000000,
        "costAndExpenses": 1535000000,
        "interestExpense": 154000000,
        "depreciationAndAmortization": 145000000,
        "ebitda": 3472000000,
        "ebitdaratio": 0.7141094199917729,
        "operatingIncome": 3327000000,
        "operatingIncomeRatio": 0.6842863019333607,
        "totalOtherIncomeExpensesNet": 66000000,
        "incomeBeforeTax": 3239000000,
        "incomeBeforeTaxRatio": 0.6661867544220486,
        "incomeTaxExpense": 717000000,
        "netIncome": 2522000000,
        "netIncomeRatio": 0.5187165775401069,
        "eps": 1.1124834583149537,
        "epsdiluted": 1.0718232044198894,
        "weightedAverageShsOut": 2267000000,
        "weightedAverageShsOutDil": 2353000000,
        "link": "https://www.sec.gov/Archives/edgar/data/1403161/000140316118000009/0001403161-18-000009-index.html",
        "finalLink": "https://www.sec.gov/Archives/edgar/data/1403161/000140316118000009/v123117form10q.htm"
    },
    {
        "date": "2017-09-30",
        "symbol": "V",
        "reportedCurrency": "USD",
        "fillingDate": "2017-11-17 00:00:00",
        "acceptedDate": "2017-11-16 20:07:25",
        "period": "Q4",
        "revenue": 4855000000,
        "costOfRevenue": 822000000,
        "grossProfit": 4033000000,
        "grossProfitRatio": 0.8306900102986612,
        "researchAndDevelopmentExpenses": 0.0,
        "generalAndAdministrativeExpenses": 382000000,
        "sellingAndMarketingExpenses": 290000000,
        "otherExpenses": 35000000,
        "operatingExpenses": 819000000,
        "costAndExpenses": 1641000000,
        "interestExpense": 148000000,
        "depreciationAndAmortization": 147000000,
        "ebitda": 3361000000,
        "ebitdaratio": 0.6922760041194644,
        "operatingIncome": 3214000000,
        "operatingIncomeRatio": 0.6619979402677652,
        "totalOtherIncomeExpensesNet": 33000000,
        "incomeBeforeTax": 3099000000,
        "incomeBeforeTaxRatio": 0.6383110195674563,
        "incomeTaxExpense": 959000000,
        "netIncome": 2140000000,
        "netIncomeRatio": 0.4407826982492276,
        "eps": 0.91,
        "epsdiluted": 0.9,
        "weightedAverageShsOut": 2281000000,
        "weightedAverageShsOutDil": 2368000000,
        "link": "https://www.sec.gov/Archives/edgar/data/1403161/000140316117000044/0001403161-17-000044-index.html",
        "finalLink": "https://www.sec.gov/Archives/edgar/data/1403161/000140316117000044/v093017.htm"
    },
    {
        "date": "2017-06-30",
        "symbol": "V",
        "reportedCurrency": "USD",
        "fillingDate": "2017-07-20 00:00:00",
        "acceptedDate": "2017-07-20 16:12:42",
        "period": "Q3",
        "revenue": 4565000000,
        "costOfRevenue": 856000000,
        "grossProfit": 3709000000,
        "grossProfitRatio": 0.812486308871851,
        "researchAndDevelopmentExpenses": 0.0,
        "generalAndAdministrativeExpenses": 332000000,
        "sellingAndMarketingExpenses": 221000000,
        "otherExpenses": 30000000,
        "operatingExpenses": 685000000,
        "costAndExpenses": 1541000000,
        "interestExpense": 140000000,
        "depreciationAndAmortization": 132000000,
        "ebitda": 3156000000,
        "ebitdaratio": 0.6913472070098576,
        "operatingIncome": 3024000000,
        "operatingIncomeRatio": 0.6624315443592552,
        "totalOtherIncomeExpensesNet": 30000000,
        "incomeBeforeTax": 2914000000,
        "incomeBeforeTaxRatio": 0.6383351588170866,
        "incomeTaxExpense": 855000000,
        "netIncome": 2059000000,
        "netIncomeRatio": 0.4510405257393209,
        "eps": 0.87,
        "epsdiluted": 0.86,
        "weightedAverageShsOut": 2300000000,
        "weightedAverageShsOutDil": 2385000000,
        "link": "https://www.sec.gov/Archives/edgar/data/1403161/000140316117000037/0001403161-17-000037-index.html",
        "finalLink": "https://www.sec.gov/Archives/edgar/data/1403161/000140316117000037/v63017form10q.htm"
    },
    {
        "date": "2017-03-31",
        "symbol": "V",
        "reportedCurrency": "USD",
        "fillingDate": "2017-04-21 00:00:00",
        "acceptedDate": "2017-04-21 08:25:29",
        "period": "Q2",
        "revenue": 4477000000,
        "costOfRevenue": 854000000,
        "grossProfit": 3623000000,
        "grossProfitRatio": 0.8092472637927184,
        "researchAndDevelopmentExpenses": 0.0,
        "generalAndAdministrativeExpenses": 489000000,
        "sellingAndMarketingExpenses": 193000000,
        "otherExpenses": 29000000,
        "operatingExpenses": 813000000,
        "costAndExpenses": 1667000000,
        "interestExpense": 135000000,
        "depreciationAndAmortization": 131000000,
        "ebitda": 2941000000,
        "ebitdaratio": 0.656913111458566,
        "operatingIncome": 2810000000,
        "operatingIncomeRatio": 0.627652445834264,
        "totalOtherIncomeExpensesNet": 27000000,
        "incomeBeforeTax": 2702000000,
        "incomeBeforeTaxRatio": 0.6035291489836945,
        "incomeTaxExpense": 2272000000,
        "netIncome": 430000000,
        "netIncomeRatio": 0.09604645968282331,
        "eps": 0.18550474547023296,
        "epsdiluted": 0.17871986699916875,
        "weightedAverageShsOut": 2318000000,
        "weightedAverageShsOutDil": 2406000000,
        "link": "https://www.sec.gov/Archives/edgar/data/1403161/000140316117000028/0001403161-17-000028-index.html",
        "finalLink": "https://www.sec.gov/Archives/edgar/data/1403161/000140316117000028/v33117form10q.htm"
    },
    {
        "date": "2016-12-31",
        "symbol": "V",
        "reportedCurrency": "USD",
        "fillingDate": "2017-02-02 00:00:00",
        "acceptedDate": "2017-02-02 16:13:41",
        "period": "Q1",
        "revenue": 4461000000,
        "costOfRevenue": 716000000,
        "grossProfit": 3745000000,
        "grossProfitRatio": 0.8394978704326385,
        "researchAndDevelopmentExpenses": 0.0,
        "generalAndAdministrativeExpenses": 266000000,
        "sellingAndMarketingExpenses": 218000000,
        "otherExpenses": 19000000,
        "operatingExpenses": 630000000,
        "costAndExpenses": 1346000000,
        "interestExpense": 140000000,
        "depreciationAndAmortization": 146000000,
        "ebitda": 3261000000,
        "ebitdaratio": 0.7310020174848688,
        "operatingIncome": 3115000000,
        "operatingIncomeRatio": 0.6982739296121946,
        "totalOtherIncomeExpensesNet": 4000000.0,
        "incomeBeforeTax": 2979000000,
        "incomeBeforeTaxRatio": 0.667787491593813,
        "incomeTaxExpense": 909000000,
        "netIncome": 2070000000,
        "netIncomeRatio": 0.46402151983860124,
        "eps": 0.8876500857632933,
        "epsdiluted": 0.8550185873605948,
        "weightedAverageShsOut": 2332000000,
        "weightedAverageShsOutDil": 2421000000,
        "link": "https://www.sec.gov/Archives/edgar/data/1403161/000140316117000011/0001403161-17-000011-index.html",
        "finalLink": "https://www.sec.gov/Archives/edgar/data/1403161/000140316117000011/v123116form10q.htm"
    },
    {
        "date": "2016-09-30",
        "symbol": "V",
        "reportedCurrency": "USD",
        "fillingDate": "2016-11-15 00:00:00",
        "acceptedDate": "2016-11-15 16:44:02",
        "period": "Q4",
        "revenue": 4261000000,
        "costOfRevenue": 851000000,
        "grossProfit": 3410000000,
        "grossProfitRatio": 0.8002816240319174,
        "researchAndDevelopmentExpenses": 0.0,
        "generalAndAdministrativeExpenses": 343000000,
        "sellingAndMarketingExpenses": 300000000,
        "otherExpenses": 20000000,
        "operatingExpenses": 784000000,
        "costAndExpenses": 1635000000,
        "interestExpense": 135000000,
        "depreciationAndAmortization": 141000000,
        "ebitda": 2767000000,
        "ebitdaratio": 0.649378080262849,
        "operatingIncome": 2626000000,
        "operatingIncomeRatio": 0.6162872565125558,
        "totalOtherIncomeExpensesNet": 19000000,
        "incomeBeforeTax": 2510000000,
        "incomeBeforeTaxRatio": 0.5890636000938747,
        "incomeTaxExpense": 579000000,
        "netIncome": 1931000000,
        "netIncomeRatio": 0.4531800046937339,
        "eps": 0.8217021276595745,
        "epsdiluted": 0.7913934426229509,
        "weightedAverageShsOut": 2350000000,
        "weightedAverageShsOutDil": 2440000000,
        "link": "https://www.sec.gov/Archives/edgar/data/1403161/000140316116000058/0001403161-16-000058-index.html",
        "finalLink": "https://www.sec.gov/Archives/edgar/data/1403161/000140316116000058/v093016.htm"
    },
    {
        "date": "2016-06-30",
        "symbol": "V",
        "reportedCurrency": "USD",
        "fillingDate": "2016-07-25",
        "acceptedDate": "2016-07-25 16:14:07",
        "period": "Q3",
        "revenue": 3630000000,
        "costOfRevenue": 632000000,
        "grossProfit": 2998000000,
        "grossProfitRatio": 0.8258953168044078,
        "researchAndDevelopmentExpenses": 0.0,
        "generalAndAdministrativeExpenses": 384000000,
        "sellingAndMarketingExpenses": 189000000,
        "otherExpenses": 125000000,
        "operatingExpenses": 693000000,
        "costAndExpenses": 1325000000,
        "interestExpense": 131000000,
        "depreciationAndAmortization": 120000000,
        "ebitda": 2425000000,
        "ebitdaratio": 0.6680440771349863,
        "operatingIncome": 2305000000,
        "operatingIncomeRatio": 0.6349862258953168,
        "totalOtherIncomeExpensesNet": -1752000000,
        "incomeBeforeTax": 422000000,
        "incomeBeforeTaxRatio": 0.1162534435261708,
        "incomeTaxExpense": 10000000,
        "netIncome": 412000000,
        "netIncomeRatio": 0.11349862258953168,
        "eps": 0.1734736842105263,
        "epsdiluted": 0.17267393126571667,
        "weightedAverageShsOut": 2375000000,
        "weightedAverageShsOutDil": 2386000000,
        "link": "https://www.sec.gov/Archives/edgar/data/1403161/000140316116000039/v63016form10q.htm",
        "finalLink": "https://www.sec.gov/Archives/edgar/data/1403161/000140316116000039/v63016form10q.htm"
    },
    {
        "date": "2016-03-31",
        "symbol": "V",
        "reportedCurrency": "USD",
        "fillingDate": "2016-04-25 00:00:00",
        "acceptedDate": "2016-04-25 16:19:11",
        "period": "Q2",
        "revenue": 3626000000,
        "costOfRevenue": 654000000,
        "grossProfit": 2972000000,
        "grossProfitRatio": 0.8196359624931053,
        "researchAndDevelopmentExpenses": 0.0,
        "generalAndAdministrativeExpenses": 230000000,
        "sellingAndMarketingExpenses": 186000000,
        "otherExpenses": 139000000,
        "operatingExpenses": 537000000,
        "costAndExpenses": 1191000000,
        "interestExpense": 132000000,
        "depreciationAndAmortization": 121000000,
        "ebitda": 2556000000,
        "ebitdaratio": 0.7049089906232764,
        "operatingIncome": 2435000000,
        "operatingIncomeRatio": 0.6715388858246001,
        "totalOtherIncomeExpensesNet": 138000000,
        "incomeBeforeTax": 2441000000,
        "incomeBeforeTaxRatio": 0.6731936017650303,
        "incomeTaxExpense": 734000000,
        "netIncome": 1707000000,
        "netIncomeRatio": 0.4707666850523993,
        "eps": 0.714524905818334,
        "epsdiluted": 0.7109537692628072,
        "weightedAverageShsOut": 2389000000,
        "weightedAverageShsOutDil": 2401000000,
        "link": "https://www.sec.gov/Archives/edgar/data/1403161/000140316116000022/0001403161-16-000022-index.html",
        "finalLink": "https://www.sec.gov/Archives/edgar/data/1403161/000140316116000022/v33116form10q.htm"
    },
    {
        "date": "2015-12-31",
        "symbol": "V",
        "reportedCurrency": "USD",
        "fillingDate": "2016-01-28 00:00:00",
        "acceptedDate": "2016-01-28 16:17:17",
        "period": "Q1",
        "revenue": 3565000000,
        "costOfRevenue": 627000000,
        "grossProfit": 2938000000,
        "grossProfitRatio": 0.8241234221598878,
        "researchAndDevelopmentExpenses": 0.0,
        "generalAndAdministrativeExpenses": 228000000,
        "sellingAndMarketingExpenses": 194000000,
        "otherExpenses": 272000000,
        "operatingExpenses": 542000000,
        "costAndExpenses": 1169000000,
        "interestExpense": 29000000,
        "depreciationAndAmortization": 120000000,
        "ebitda": 2516000000,
        "ebitdaratio": 0.705750350631136,
        "operatingIncome": 2396000000,
        "operatingIncomeRatio": 0.6720897615708274,
        "totalOtherIncomeExpensesNet": 272000000,
        "incomeBeforeTax": 2639000000,
        "incomeBeforeTaxRatio": 0.7402524544179523,
        "incomeTaxExpense": 698000000,
        "netIncome": 1941000000,
        "netIncomeRatio": 0.5444600280504909,
        "eps": 0.8017348203221809,
        "epsdiluted": 0.7987654320987654,
        "weightedAverageShsOut": 2421000000,
        "weightedAverageShsOutDil": 2430000000,
        "link": "https://www.sec.gov/Archives/edgar/data/1403161/000140316116000015/0001403161-16-000015-index.html",
        "finalLink": "https://www.sec.gov/Archives/edgar/data/1403161/000140316116000015/v123115form10q.htm"
    },
    {
        "date": "2015-09-30",
        "symbol": "V",
        "reportedCurrency": "USD",
        "fillingDate": "2015-11-20 00:00:00",
        "acceptedDate": "2015-11-19 18:24:51",
        "period": "Q4",
        "revenue": 3571000000,
        "costOfRevenue": 655000000,
        "grossProfit": 2916000000,
        "grossProfitRatio": 0.816577989358723,
        "researchAndDevelopmentExpenses": 0.0,
        "generalAndAdministrativeExpenses": 250000000,
        "sellingAndMarketingExpenses": 253000000,
        "otherExpenses": 0.0,
        "operatingExpenses": 622000000,
        "costAndExpenses": 1277000000,
        "interestExpense": 0.0,
        "depreciationAndAmortization": 119000000,
        "ebitda": 2413000000,
        "ebitdaratio": 0.6757210865303837,
        "operatingIncome": 2294000000,
        "operatingIncomeRatio": 0.6423970876505181,
        "totalOtherIncomeExpensesNet": -11000000,
        "incomeBeforeTax": 2283000000,
        "incomeBeforeTaxRatio": 0.6393167180061607,
        "incomeTaxExpense": 771000000,
        "netIncome": 1512000000,
        "netIncomeRatio": 0.42341080929711566,
        "eps": 0.6227347611202636,
        "epsdiluted": 0.6196721311475409,
        "weightedAverageShsOut": 2428000000,
        "weightedAverageShsOutDil": 2440000000,
        "link": "https://www.sec.gov/Archives/edgar/data/1403161/000140316115000013/0001403161-15-000013-index.html",
        "finalLink": "https://www.sec.gov/Archives/edgar/data/1403161/000140316115000013/v093015.htm"
    },
    {
        "date": "2015-06-30",
        "symbol": "V",
        "reportedCurrency": "USD",
        "fillingDate": "2015-07-23 00:00:00",
        "acceptedDate": "2015-07-23 16:21:36",
        "period": "Q3",
        "revenue": 3518000000,
        "costOfRevenue": 683000000,
        "grossProfit": 2835000000,
        "grossProfitRatio": 0.805855599772598,
        "researchAndDevelopmentExpenses": 0.0,
        "generalAndAdministrativeExpenses": 219000000,
        "sellingAndMarketingExpenses": 224000000,
        "otherExpenses": -94000000,
        "operatingExpenses": 573000000,
        "costAndExpenses": 1256000000,
        "interestExpense": 0.0,
        "depreciationAndAmortization": 130000000,
        "ebitda": 2392000000,
        "ebitdaratio": 0.6799317794201251,
        "operatingIncome": 2262000000,
        "operatingIncomeRatio": 0.6429789653212052,
        "totalOtherIncomeExpensesNet": -94000000,
        "incomeBeforeTax": 2168000000,
        "incomeBeforeTaxRatio": 0.6162592382035247,
        "incomeTaxExpense": 471000000,
        "netIncome": 1697000000,
        "netIncomeRatio": 0.4823763501989767,
        "eps": 0.6957769577695777,
        "epsdiluted": 0.693218954248366,
        "weightedAverageShsOut": 2439000000,
        "weightedAverageShsOutDil": 2448000000,
        "link": "https://www.sec.gov/Archives/edgar/data/1403161/000140316115000010/0001403161-15-000010-index.html",
        "finalLink": "https://www.sec.gov/Archives/edgar/data/1403161/000140316115000010/v63015form10q.htm"
    },
    {
        "date": "2015-03-31",
        "symbol": "V",
        "reportedCurrency": "USD",
        "fillingDate": "2015-04-30 00:00:00",
        "acceptedDate": "2015-04-30 16:25:20",
        "period": "Q2",
        "revenue": 3409000000,
        "costOfRevenue": 592000000,
        "grossProfit": 2817000000,
        "grossProfitRatio": 0.826342035787621,
        "researchAndDevelopmentExpenses": 0.0,
        "generalAndAdministrativeExpenses": 218000000,
        "sellingAndMarketingExpenses": 190000000,
        "otherExpenses": 1000000.0,
        "operatingExpenses": 533000000,
        "costAndExpenses": 1125000000,
        "interestExpense": 0.0,
        "depreciationAndAmortization": 125000000,
        "ebitda": 2409000000,
        "ebitdaratio": 0.7066588442358462,
        "operatingIncome": 2284000000,
        "operatingIncomeRatio": 0.6699911997653271,
        "totalOtherIncomeExpensesNet": -2000000.0,
        "incomeBeforeTax": 2282000000,
        "incomeBeforeTaxRatio": 0.6694045174537988,
        "incomeTaxExpense": 732000000,
        "netIncome": 1550000000,
        "netIncomeRatio": 0.45467879143443823,
        "eps": 0.63342868818962,
        "epsdiluted": 0.6300813008130082,
        "weightedAverageShsOut": 2447000000,
        "weightedAverageShsOutDil": 2460000000,
        "link": "https://www.sec.gov/Archives/edgar/data/1403161/000140316115000007/0001403161-15-000007-index.html",
        "finalLink": "https://www.sec.gov/Archives/edgar/data/1403161/000140316115000007/v33115form10q.htm"
    },
    {
        "date": "2014-12-31",
        "symbol": "V",
        "reportedCurrency": "USD",
        "fillingDate": "2015-01-29",
        "acceptedDate": "2015-01-29 16:17:49",
        "period": "Q1",
        "revenue": 3382000000,
        "costOfRevenue": 623000000,
        "grossProfit": 2759000000,
        "grossProfitRatio": 0.8157894736842105,
        "researchAndDevelopmentExpenses": 0.0,
        "generalAndAdministrativeExpenses": 196000000,
        "sellingAndMarketingExpenses": 205000000,
        "otherExpenses": 24000000,
        "operatingExpenses": 521000000,
        "costAndExpenses": 1144000000,
        "interestExpense": 0.0,
        "depreciationAndAmortization": 120000000,
        "ebitda": 2358000000,
        "ebitdaratio": 0.6972205795387345,
        "operatingIncome": 2238000000,
        "operatingIncomeRatio": 0.6617386162034299,
        "totalOtherIncomeExpensesNet": 24000000,
        "incomeBeforeTax": 2262000000,
        "incomeBeforeTaxRatio": 0.6688350088704909,
        "incomeTaxExpense": 693000000,
        "netIncome": 1569000000,
        "netIncomeRatio": 0.46392667060910703,
        "eps": 0.635,
        "epsdiluted": 0.6325,
        "weightedAverageShsOut": 2468000000,
        "weightedAverageShsOutDil": 2476000000,
        "link": "https://www.sec.gov/Archives/edgar/data/1403161/000140316114000017/v09301410-k.htm",
        "finalLink": "https://www.sec.gov/Archives/edgar/data/1403161/000140316114000017/v09301410-k.htm"
    },
    {
        "date": "2014-09-30",
        "symbol": "V",
        "reportedCurrency": "USD",
        "fillingDate": "2014-11-21 00:00:00",
        "acceptedDate": "2014-11-20 18:57:50",
        "period": "Q4",
        "revenue": 3229000000,
        "costOfRevenue": 624000000,
        "grossProfit": 2605000000,
        "grossProfitRatio": 0.806751316196965,
        "researchAndDevelopmentExpenses": 0.0,
        "generalAndAdministrativeExpenses": 247000000,
        "sellingAndMarketingExpenses": 241000000,
        "otherExpenses": -2000000.0,
        "operatingExpenses": 600000000,
        "costAndExpenses": 1224000000,
        "interestExpense": 0.0,
        "depreciationAndAmortization": 112000000,
        "ebitda": 2117000000,
        "ebitdaratio": 0.6556209352740786,
        "operatingIncome": 2005000000,
        "operatingIncomeRatio": 0.6209352740786621,
        "totalOtherIncomeExpensesNet": -455000000,
        "incomeBeforeTax": 1550000000,
        "incomeBeforeTaxRatio": 0.48002477547228245,
        "incomeTaxExpense": 477000000,
        "netIncome": 1073000000,
        "netIncomeRatio": 0.33230102198823164,
        "eps": 0.4325,
        "epsdiluted": 0.43,
        "weightedAverageShsOut": 2476000000,
        "weightedAverageShsOutDil": 2492000000,
        "link": "https://www.sec.gov/Archives/edgar/data/1403161/000140316114000017/0001403161-14-000017-index.html",
        "finalLink": "https://www.sec.gov/Archives/edgar/data/1403161/000140316114000017/v09301410-k.htm"
    },
    {
        "date": "2014-06-30",
        "symbol": "V",
        "reportedCurrency": "USD",
        "fillingDate": "2014-07-24 00:00:00",
        "acceptedDate": "2014-07-24 16:22:20",
        "period": "Q3",
        "revenue": 3155000000,
        "costOfRevenue": 590000000,
        "grossProfit": 2565000000,
        "grossProfitRatio": 0.8129952456418383,
        "researchAndDevelopmentExpenses": 0.0,
        "generalAndAdministrativeExpenses": 208000000,
        "sellingAndMarketingExpenses": 228000000,
        "otherExpenses": 10000000,
        "operatingExpenses": 545000000,
        "costAndExpenses": 1135000000,
        "interestExpense": 0.0,
        "depreciationAndAmortization": 109000000,
        "ebitda": 2129000000,
        "ebitdaratio": 0.6748019017432647,
        "operatingIncome": 2020000000,
        "operatingIncomeRatio": 0.6402535657686212,
        "totalOtherIncomeExpensesNet": 10000000,
        "incomeBeforeTax": 2030000000,
        "incomeBeforeTaxRatio": 0.6434231378763867,
        "incomeTaxExpense": 670000000,
        "netIncome": 1360000000,
        "netIncomeRatio": 0.43106180665610144,
        "eps": 0.544,
        "epsdiluted": 0.5414012738853503,
        "weightedAverageShsOut": 2500000000,
        "weightedAverageShsOutDil": 2512000000,
        "link": "https://www.sec.gov/Archives/edgar/data/1403161/000140316114000012/0001403161-14-000012-index.html",
        "finalLink": "https://www.sec.gov/Archives/edgar/data/1403161/000140316114000012/v63014form10q.htm"
    },
    {
        "date": "2014-03-31",
        "symbol": "V",
        "reportedCurrency": "USD",
        "fillingDate": "2014-04-24 00:00:00",
        "acceptedDate": "2014-04-24 16:20:41",
        "period": "Q2",
        "revenue": 3163000000,
        "costOfRevenue": 566000000,
        "grossProfit": 2597000000,
        "grossProfitRatio": 0.8210559595320898,
        "researchAndDevelopmentExpenses": 0.0,
        "generalAndAdministrativeExpenses": 197000000,
        "sellingAndMarketingExpenses": 245000000,
        "otherExpenses": 13000000,
        "operatingExpenses": 549000000,
        "costAndExpenses": 1115000000,
        "interestExpense": 0.0,
        "depreciationAndAmortization": 107000000,
        "ebitda": 2155000000,
        "ebitdaratio": 0.6813152070818843,
        "operatingIncome": 2048000000,
        "operatingIncomeRatio": 0.6474865633891875,
        "totalOtherIncomeExpensesNet": 13000000,
        "incomeBeforeTax": 2061000000,
        "incomeBeforeTaxRatio": 0.6515965855200759,
        "incomeTaxExpense": 463000000,
        "netIncome": 1598000000,
        "netIncomeRatio": 0.505216566550743,
        "eps": 0.6325,
        "epsdiluted": 0.63,
        "weightedAverageShsOut": 2520000000,
        "weightedAverageShsOutDil": 2536000000,
        "link": "https://www.sec.gov/Archives/edgar/data/1403161/000140316114000008/0001403161-14-000008-index.html",
        "finalLink": "https://www.sec.gov/Archives/edgar/data/1403161/000140316114000008/v33114form10q.htm"
    },
    {
        "date": "2013-12-31",
        "symbol": "V",
        "reportedCurrency": "USD",
        "fillingDate": "2014-01-30",
        "acceptedDate": "2014-01-30 07:21:45",
        "period": "Q1",
        "revenue": 3155000000,
        "costOfRevenue": 602000000,
        "grossProfit": 2553000000,
        "grossProfitRatio": 0.8091917591125198,
        "researchAndDevelopmentExpenses": 0.0,
        "generalAndAdministrativeExpenses": 183000000,
        "sellingAndMarketingExpenses": 186000000,
        "otherExpenses": 6000000.0,
        "operatingExpenses": 476000000,
        "costAndExpenses": 1078000000,
        "interestExpense": 0.0,
        "depreciationAndAmortization": 107000000,
        "ebitda": 2184000000,
        "ebitdaratio": 0.6922345483359746,
        "operatingIncome": 2077000000,
        "operatingIncomeRatio": 0.6583201267828843,
        "totalOtherIncomeExpensesNet": 6000000.0,
        "incomeBeforeTax": 2083000000,
        "incomeBeforeTaxRatio": 0.6602218700475436,
        "incomeTaxExpense": 676000000,
        "netIncome": 1407000000,
        "netIncomeRatio": 0.44595879556259904,
        "eps": 0.5525,
        "epsdiluted": 0.55,
        "weightedAverageShsOut": 2540000000,
        "weightedAverageShsOutDil": 2556000000,
        "link": "https://www.sec.gov/Archives/edgar/data/1403161/000140316113000011/v09301310-k.htm",
        "finalLink": "https://www.sec.gov/Archives/edgar/data/1403161/000140316113000011/v09301310-k.htm"
    },
    {
        "date": "2013-09-30",
        "symbol": "V",
        "reportedCurrency": "USD",
        "fillingDate": "2013-11-22 00:00:00",
        "acceptedDate": "2013-11-21 19:53:37",
        "period": "Q4",
        "revenue": 2973000000,
        "costOfRevenue": 621000000,
        "grossProfit": 2352000000,
        "grossProfitRatio": 0.7911200807265388,
        "researchAndDevelopmentExpenses": 0.0,
        "generalAndAdministrativeExpenses": 259000000,
        "sellingAndMarketingExpenses": 236000000,
        "otherExpenses": 15000000,
        "operatingExpenses": 601000000,
        "costAndExpenses": 1222000000,
        "interestExpense": 0.0,
        "depreciationAndAmortization": 106000000,
        "ebitda": 1857000000,
        "ebitdaratio": 0.6246215943491423,
        "operatingIncome": 1751000000,
        "operatingIncomeRatio": 0.5889673730238816,
        "totalOtherIncomeExpensesNet": 15000000,
        "incomeBeforeTax": 1766000000,
        "incomeBeforeTaxRatio": 0.5940127817019846,
        "incomeTaxExpense": 574000000,
        "netIncome": 1192000000,
        "netIncomeRatio": 0.40094180961991255,
        "eps": 0.465,
        "epsdiluted": 0.4625,
        "weightedAverageShsOut": 2556000000,
        "weightedAverageShsOutDil": 2576000000,
        "link": "https://www.sec.gov/Archives/edgar/data/1403161/000140316113000011/0001403161-13-000011-index.html",
        "finalLink": "https://www.sec.gov/Archives/edgar/data/1403161/000140316113000011/v09301310-k.htm"
    },
    {
        "date": "2013-06-30",
        "symbol": "V",
        "reportedCurrency": "USD",
        "fillingDate": "2013-07-24 00:00:00",
        "acceptedDate": "2013-07-24 16:25:21",
        "period": "Q3",
        "revenue": 3001000000,
        "costOfRevenue": 610000000,
        "grossProfit": 2391000000,
        "grossProfitRatio": 0.7967344218593803,
        "researchAndDevelopmentExpenses": 0.0,
        "generalAndAdministrativeExpenses": 211000000,
        "sellingAndMarketingExpenses": 252000000,
        "otherExpenses": 5000000.0,
        "operatingExpenses": 564000000,
        "costAndExpenses": 1174000000,
        "interestExpense": 0.0,
        "depreciationAndAmortization": 101000000,
        "ebitda": 1928000000,
        "ebitdaratio": 0.6424525158280573,
        "operatingIncome": 1827000000,
        "operatingIncomeRatio": 0.6087970676441187,
        "totalOtherIncomeExpensesNet": 6000000.0,
        "incomeBeforeTax": 1833000000,
        "incomeBeforeTaxRatio": 0.6107964011996001,
        "incomeTaxExpense": 608000000,
        "netIncome": 1225000000,
        "netIncomeRatio": 0.40819726757747415,
        "eps": 0.4725,
        "epsdiluted": 0.47,
        "weightedAverageShsOut": 2584000000,
        "weightedAverageShsOutDil": 2604000000,
        "link": "https://www.sec.gov/Archives/edgar/data/1403161/000140316113000007/0001403161-13-000007-index.html",
        "finalLink": "https://www.sec.gov/Archives/edgar/data/1403161/000140316113000007/v063013form10q.htm"
    },
    {
        "date": "2013-03-31",
        "symbol": "V",
        "reportedCurrency": "USD",
        "fillingDate": "2013-05-01 00:00:00",
        "acceptedDate": "2013-05-01 16:24:48",
        "period": "Q2",
        "revenue": 2958000000,
        "costOfRevenue": 605000000,
        "grossProfit": 2353000000,
        "grossProfitRatio": 0.7954699121027722,
        "researchAndDevelopmentExpenses": 0.0,
        "generalAndAdministrativeExpenses": 199000000,
        "sellingAndMarketingExpenses": 195000000,
        "otherExpenses": -3000000.0,
        "operatingExpenses": 492000000,
        "costAndExpenses": 1097000000,
        "interestExpense": 0.0,
        "depreciationAndAmortization": 98000000,
        "ebitda": 1959000000,
        "ebitdaratio": 0.6622718052738337,
        "operatingIncome": 1861000000,
        "operatingIncomeRatio": 0.6291413116970926,
        "totalOtherIncomeExpensesNet": -4000000.0,
        "incomeBeforeTax": 1857000000,
        "incomeBeforeTaxRatio": 0.6277890466531441,
        "incomeTaxExpense": 587000000,
        "netIncome": 1270000000,
        "netIncomeRatio": 0.42934415145368493,
        "eps": 0.482824,
        "epsdiluted": 0.48,
        "weightedAverageShsOut": 2620000000,
        "weightedAverageShsOutDil": 2640000000,
        "link": "https://www.sec.gov/Archives/edgar/data/1403161/000140316113000004/0001403161-13-000004-index.html",
        "finalLink": "https://www.sec.gov/Archives/edgar/data/1403161/000140316113000004/v033113form10q.htm"
    },
    {
        "date": "2012-12-31",
        "symbol": "V",
        "reportedCurrency": "USD",
        "fillingDate": "2013-02-06 00:00:00",
        "acceptedDate": "2013-02-06 16:17:56",
        "period": "Q1",
        "revenue": 2846000000,
        "costOfRevenue": 564000000,
        "grossProfit": 2282000000,
        "grossProfitRatio": 0.8018271257905832,
        "researchAndDevelopmentExpenses": 0.0,
        "generalAndAdministrativeExpenses": 194000000,
        "sellingAndMarketingExpenses": 193000000,
        "otherExpenses": 1000000.0,
        "operatingExpenses": 479000000,
        "costAndExpenses": 1043000000,
        "interestExpense": 0.0,
        "depreciationAndAmortization": 92000000,
        "ebitda": 1895000000,
        "ebitdaratio": 0.6658468025298665,
        "operatingIncome": 1803000000,
        "operatingIncomeRatio": 0.6335207308503162,
        "totalOtherIncomeExpensesNet": -2000000.0,
        "incomeBeforeTax": 1801000000,
        "incomeBeforeTaxRatio": 0.6328179901616303,
        "incomeTaxExpense": 508000000,
        "netIncome": 1293000000,
        "netIncomeRatio": 0.4543218552354181,
        "eps": 0.485,
        "epsdiluted": 0.4825,
        "weightedAverageShsOut": 2656000000,
        "weightedAverageShsOutDil": 2676000000,
        "link": "https://www.sec.gov/Archives/edgar/data/1403161/000138410813000004/0001384108-13-000004-index.html",
        "finalLink": "https://www.sec.gov/Archives/edgar/data/1403161/000138410813000004/v123112form10q.htm"
    },
    {
        "date": "2012-09-30",
        "symbol": "V",
        "reportedCurrency": "USD",
        "fillingDate": "2012-11-16 00:00:00",
        "acceptedDate": "2012-11-15 20:15:57",
        "period": "Q4",
        "revenue": 2731000000,
        "costOfRevenue": 582000000,
        "grossProfit": 2149000000,
        "grossProfitRatio": 0.7868912486268766,
        "researchAndDevelopmentExpenses": 0.0,
        "generalAndAdministrativeExpenses": 265000000,
        "sellingAndMarketingExpenses": 271000000,
        "otherExpenses": 0.0,
        "operatingExpenses": 625000000,
        "costAndExpenses": 1207000000,
        "interestExpense": 0.0,
        "depreciationAndAmortization": 89000000,
        "ebitda": 1613000000,
        "ebitdaratio": 0.5906261442694983,
        "operatingIncome": 1524000000,
        "operatingIncomeRatio": 0.5580373489564262,
        "totalOtherIncomeExpensesNet": 7000000.0,
        "incomeBeforeTax": 1588000000,
        "incomeBeforeTaxRatio": 0.5814719882826803,
        "incomeTaxExpense": -74000000,
        "netIncome": 1662000000,
        "netIncomeRatio": 0.6085682900036616,
        "eps": 0.515,
        "epsdiluted": 0.4375,
        "weightedAverageShsOut": 3232000000,
        "weightedAverageShsOutDil": 3808000000,
        "link": "https://www.sec.gov/Archives/edgar/data/1403161/000138410812000011/0001384108-12-000011-index.html",
        "finalLink": "https://www.sec.gov/Archives/edgar/data/1403161/000138410812000011/v09301210-k.htm"
    },
    {
        "date": "2012-06-30",
        "symbol": "V",
        "reportedCurrency": "USD",
        "fillingDate": "2012-07-27 00:00:00",
        "acceptedDate": "2012-07-27 16:09:17",
        "period": "Q3",
        "revenue": 2565000000,
        "costOfRevenue": 537000000,
        "grossProfit": 2028000000,
        "grossProfitRatio": 0.7906432748538011,
        "researchAndDevelopmentExpenses": 0.0,
        "generalAndAdministrativeExpenses": 211000000,
        "sellingAndMarketingExpenses": 242000000,
        "otherExpenses": 0.0,
        "operatingExpenses": 537000000,
        "costAndExpenses": 1074000000,
        "interestExpense": 11000000,
        "depreciationAndAmortization": 84000000,
        "ebitda": 1575000000,
        "ebitdaratio": 0.6140350877192983,
        "operatingIncome": 1491000000,
        "operatingIncomeRatio": 0.5812865497076023,
        "totalOtherIncomeExpensesNet": -4087000000,
        "incomeBeforeTax": -2607000000,
        "incomeBeforeTaxRatio": -1.016374269005848,
        "incomeTaxExpense": -768000000,
        "netIncome": -1839000000,
        "netIncomeRatio": -0.7169590643274854,
        "eps": 0.5675,
        "epsdiluted": 0.48,
        "weightedAverageShsOut": 3240000000,
        "weightedAverageShsOutDil": 3828000000,
        "link": "https://www.sec.gov/Archives/edgar/data/1403161/000138410812000008/0001384108-12-000008-index.html",
        "finalLink": "https://www.sec.gov/Archives/edgar/data/1403161/000138410812000008/v63012form10q.htm"
    },
    {
        "date": "2012-03-31",
        "symbol": "V",
        "reportedCurrency": "USD",
        "fillingDate": "2012-05-02",
        "acceptedDate": "2012-05-02 16:44:29",
        "period": "Q2",
        "revenue": 2578000000,
        "costOfRevenue": 534000000,
        "grossProfit": 2044000000,
        "grossProfitRatio": 0.7928626842513576,
        "researchAndDevelopmentExpenses": 0.0,
        "generalAndAdministrativeExpenses": 188000000,
        "sellingAndMarketingExpenses": 170000000,
        "otherExpenses": 0.0,
        "operatingExpenses": 438000000,
        "costAndExpenses": 972000000,
        "interestExpense": 7000000.0,
        "depreciationAndAmortization": 80000000,
        "ebitda": 1686000000,
        "ebitdaratio": 0.6539953452288596,
        "operatingIncome": 1606000000,
        "operatingIncomeRatio": 0.6229635376260667,
        "totalOtherIncomeExpensesNet": 10000000,
        "incomeBeforeTax": 1609000000,
        "incomeBeforeTaxRatio": 0.6241272304111715,
        "incomeTaxExpense": 317000000,
        "netIncome": 1292000000,
        "netIncomeRatio": 0.5011636927851048,
        "eps": 0.48,
        "epsdiluted": 0.4775,
        "weightedAverageShsOut": 2680000000,
        "weightedAverageShsOutDil": 2704000000,
        "link": "https://www.sec.gov/Archives/edgar/data/1403161/000138410812000004/v33112form10q.htm",
        "finalLink": "https://www.sec.gov/Archives/edgar/data/1403161/000138410812000004/v33112form10q.htm"
    },
    {
        "date": "2011-12-31",
        "symbol": "V",
        "reportedCurrency": "USD",
        "fillingDate": "2012-02-08 00:00:00",
        "acceptedDate": "2012-02-08 16:27:18",
        "period": "Q1",
        "revenue": 2547000000,
        "costOfRevenue": 487000000,
        "grossProfit": 2060000000,
        "grossProfitRatio": 0.8087946603847664,
        "researchAndDevelopmentExpenses": 0.0,
        "generalAndAdministrativeExpenses": 172000000,
        "sellingAndMarketingExpenses": 190000000,
        "otherExpenses": 0.0,
        "operatingExpenses": 442000000,
        "costAndExpenses": 929000000,
        "interestExpense": 10000000,
        "depreciationAndAmortization": 80000000,
        "ebitda": 1698000000,
        "ebitdaratio": 0.6666666666666666,
        "operatingIncome": 1618000000,
        "operatingIncomeRatio": 0.635257165292501,
        "totalOtherIncomeExpensesNet": 9000000.0,
        "incomeBeforeTax": 1617000000,
        "incomeBeforeTaxRatio": 0.6348645465253239,
        "incomeTaxExpense": 590000000,
        "netIncome": 1029000000,
        "netIncomeRatio": 0.4040047114252061,
        "eps": 0.375,
        "epsdiluted": 0.3725,
        "weightedAverageShsOut": 2680000000,
        "weightedAverageShsOutDil": 2760000000,
        "link": "https://www.sec.gov/Archives/edgar/data/1403161/000144530512000234/0001445305-12-000234-index.html",
        "finalLink": "https://www.sec.gov/Archives/edgar/data/1403161/000144530512000234/v123111form10q.htm"
    },
    {
        "date": "2011-09-30",
        "symbol": "V",
        "reportedCurrency": "USD",
        "fillingDate": "2011-11-18 00:00:00",
        "acceptedDate": "2011-11-17 19:39:34",
        "period": "Q4",
        "revenue": 2383000000,
        "costOfRevenue": 494000000,
        "grossProfit": 1889000000,
        "grossProfitRatio": 0.7926982794796475,
        "researchAndDevelopmentExpenses": 0.0,
        "generalAndAdministrativeExpenses": 210000000,
        "sellingAndMarketingExpenses": 239000000,
        "otherExpenses": 0.0,
        "operatingExpenses": 520000000,
        "costAndExpenses": 1014000000,
        "interestExpense": 13000000,
        "depreciationAndAmortization": 77000000,
        "ebitda": 1446000000,
        "ebitdaratio": 0.6067981535879144,
        "operatingIncome": 1369000000,
        "operatingIncomeRatio": 0.5744859420898027,
        "totalOtherIncomeExpensesNet": -2000000.0,
        "incomeBeforeTax": 1354000000,
        "incomeBeforeTaxRatio": 0.5681913554343265,
        "incomeTaxExpense": 476000000,
        "netIncome": 880000000,
        "netIncomeRatio": 0.3692824171212757,
        "eps": 0.27,
        "epsdiluted": 0.2225,
        "weightedAverageShsOut": 3248000000,
        "weightedAverageShsOutDil": 3944000000,
        "link": "https://www.sec.gov/Archives/edgar/data/1403161/000119312511315956/0001193125-11-315956-index.html",
        "finalLink": "https://www.sec.gov/Archives/edgar/data/1403161/000119312511315956/d218694d10k.htm"
    },
    {
        "date": "2011-06-30",
        "symbol": "V",
        "reportedCurrency": "USD",
        "fillingDate": "2011-07-29 00:00:00",
        "acceptedDate": "2011-07-29 11:46:15",
        "period": "Q3",
        "revenue": 2322000000,
        "costOfRevenue": 454000000,
        "grossProfit": 1868000000,
        "grossProfitRatio": 0.8044788975021533,
        "researchAndDevelopmentExpenses": 0.0,
        "generalAndAdministrativeExpenses": 198000000,
        "sellingAndMarketingExpenses": 251000000,
        "otherExpenses": 0.0,
        "operatingExpenses": 523000000,
        "costAndExpenses": 977000000,
        "interestExpense": 11000000,
        "depreciationAndAmortization": 74000000,
        "ebitda": 1419000000,
        "ebitdaratio": 0.6111111111111112,
        "operatingIncome": 1345000000,
        "operatingIncomeRatio": 0.5792420327304049,
        "totalOtherIncomeExpensesNet": 209000000,
        "incomeBeforeTax": 1543000000,
        "incomeBeforeTaxRatio": 0.6645133505598622,
        "incomeTaxExpense": 539000000,
        "netIncome": 1005000000,
        "netIncomeRatio": 0.43281653746770027,
        "eps": 0.305,
        "epsdiluted": 0.25,
        "weightedAverageShsOut": 3300000000,
        "weightedAverageShsOutDil": 4032000000,
        "link": "https://www.sec.gov/Archives/edgar/data/1403161/000119312511202235/0001193125-11-202235-index.html",
        "finalLink": "https://www.sec.gov/Archives/edgar/data/1403161/000119312511202235/d10q.htm"
    },
    {
        "date": "2011-03-31",
        "symbol": "V",
        "reportedCurrency": "USD",
        "fillingDate": "2011-05-05 00:00:00",
        "acceptedDate": "2011-05-05 16:31:33",
        "period": "Q2",
        "revenue": 2245000000,
        "costOfRevenue": 431000000,
        "grossProfit": 1814000000,
        "grossProfitRatio": 0.8080178173719377,
        "researchAndDevelopmentExpenses": 0.0,
        "generalAndAdministrativeExpenses": 172000000,
        "sellingAndMarketingExpenses": 183000000,
        "otherExpenses": 0.0,
        "operatingExpenses": 431000000,
        "costAndExpenses": 862000000,
        "interestExpense": 12000000,
        "depreciationAndAmortization": 70000000,
        "ebitda": 1453000000,
        "ebitdaratio": 0.6472160356347438,
        "operatingIncome": 1383000000,
        "operatingIncomeRatio": 0.6160356347438752,
        "totalOtherIncomeExpensesNet": 6000000.0,
        "incomeBeforeTax": 1377000000,
        "incomeBeforeTaxRatio": 0.6133630289532294,
        "incomeTaxExpense": 497000000,
        "netIncome": 881000000,
        "netIncomeRatio": 0.39242761692650335,
        "eps": 0.31,
        "epsdiluted": 0.3075,
        "weightedAverageShsOut": 2820000000,
        "weightedAverageShsOutDil": 2856000000,
        "link": "https://www.sec.gov/Archives/edgar/data/1403161/000119312511128562/0001193125-11-128562-index.html",
        "finalLink": "https://www.sec.gov/Archives/edgar/data/1403161/000119312511128562/d10q.htm"
    },
    {
        "date": "2010-12-31",
        "symbol": "V",
        "reportedCurrency": "USD",
        "fillingDate": "2011-02-02",
        "acceptedDate": "2011-02-02 16:18:08",
        "period": "Q1",
        "revenue": 2238000000,
        "costOfRevenue": 437000000,
        "grossProfit": 1801000000,
        "grossProfitRatio": 0.8047363717605005,
        "researchAndDevelopmentExpenses": 0.0,
        "generalAndAdministrativeExpenses": 171000000,
        "sellingAndMarketingExpenses": 197000000,
        "otherExpenses": 0.0,
        "operatingExpenses": 435000000,
        "costAndExpenses": 872000000,
        "interestExpense": 0.0,
        "depreciationAndAmortization": 67000000,
        "ebitda": 1433000000,
        "ebitdaratio": 0.6403038427167114,
        "operatingIncome": 1366000000,
        "operatingIncomeRatio": 0.610366398570152,
        "totalOtherIncomeExpensesNet": 12000000,
        "incomeBeforeTax": 1382000000,
        "incomeBeforeTaxRatio": 0.6175156389633601,
        "incomeTaxExpense": 498000000,
        "netIncome": 884000000,
        "netIncomeRatio": 0.39499553172475427,
        "eps": 0.30995792426367463,
        "epsdiluted": 0.30737134909596664,
        "weightedAverageShsOut": 2852000000,
        "weightedAverageShsOutDil": 2876000000,
        "link": "https://www.sec.gov/Archives/edgar/data/1403161/000119312510265236/d10k.htm",
        "finalLink": "https://www.sec.gov/Archives/edgar/data/1403161/000119312510265236/d10k.htm"
    },
    {
        "date": "2010-09-30",
        "symbol": "V",
        "reportedCurrency": "USD",
        "fillingDate": "2010-11-19 00:00:00",
        "acceptedDate": "2010-11-19 16:10:39",
        "period": "Q4",
        "revenue": 2117000000,
        "costOfRevenue": 472000000,
        "grossProfit": 1645000000,
        "grossProfitRatio": 0.7770429853566367,
        "researchAndDevelopmentExpenses": 0.0,
        "generalAndAdministrativeExpenses": 225000000,
        "sellingAndMarketingExpenses": 233000000,
        "otherExpenses": 0.0,
        "operatingExpenses": 577000000,
        "costAndExpenses": 1049000000,
        "interestExpense": 15000000,
        "depreciationAndAmortization": 78000000,
        "ebitda": 1146000000,
        "ebitdaratio": 0.5413320736891828,
        "operatingIncome": 1068000000,
        "operatingIncomeRatio": 0.5044874822862542,
        "totalOtherIncomeExpensesNet": 142000000,
        "incomeBeforeTax": 1195000000,
        "incomeBeforeTaxRatio": 0.5644780349551252,
        "incomeTaxExpense": 422000000,
        "netIncome": 774000000,
        "netIncomeRatio": 0.3656117146905999,
        "eps": 0.2713884992987377,
        "epsdiluted": 0.2713884992987377,
        "weightedAverageShsOut": 2852000000,
        "weightedAverageShsOutDil": 2852000000,
        "link": "https://www.sec.gov/Archives/edgar/data/1403161/000119312510265236/0001193125-10-265236-index.html",
        "finalLink": "https://www.sec.gov/Archives/edgar/data/1403161/000119312510265236/d10k.htm"
    },
    {
        "date": "2010-06-30",
        "symbol": "V",
        "reportedCurrency": "USD",
        "fillingDate": "2010-08-02 00:00:00",
        "acceptedDate": "2010-07-30 19:14:09",
        "period": "Q3",
        "revenue": 2029000000,
        "costOfRevenue": 388000000,
        "grossProfit": 1641000000,
        "grossProfitRatio": 0.8087727944800395,
        "researchAndDevelopmentExpenses": 0.0,
        "generalAndAdministrativeExpenses": 164000000,
        "sellingAndMarketingExpenses": 277000000,
        "otherExpenses": 0.0,
        "operatingExpenses": 504000000,
        "costAndExpenses": 892000000,
        "interestExpense": 13000000,
        "depreciationAndAmortization": 63000000,
        "ebitda": 1200000000,
        "ebitdaratio": 0.5914243469689502,
        "operatingIncome": 1137000000,
        "operatingIncomeRatio": 0.5603745687530803,
        "totalOtherIncomeExpensesNet": -2000000.0,
        "incomeBeforeTax": 1122000000,
        "incomeBeforeTaxRatio": 0.5529817644159685,
        "incomeTaxExpense": 406000000,
        "netIncome": 716000000,
        "netIncomeRatio": 0.35288319369147364,
        "eps": 0.625,
        "epsdiluted": 0.6225,
        "weightedAverageShsOut": 3352000000,
        "weightedAverageShsOutDil": 4328000000,
        "link": "https://www.sec.gov/Archives/edgar/data/1403161/000119312510172477/0001193125-10-172477-index.html",
        "finalLink": "https://www.sec.gov/Archives/edgar/data/1403161/000119312510172477/d10q.htm"
    },
    {
        "date": "2010-03-31",
        "symbol": "V",
        "reportedCurrency": "USD",
        "fillingDate": "2010-05-03 00:00:00",
        "acceptedDate": "2010-04-30 21:17:07",
        "period": "Q2",
        "revenue": 1959000000,
        "costOfRevenue": 408000000,
        "grossProfit": 1551000000,
        "grossProfitRatio": 0.7917304747320061,
        "researchAndDevelopmentExpenses": 0.0,
        "generalAndAdministrativeExpenses": 127000000,
        "sellingAndMarketingExpenses": 238000000,
        "otherExpenses": 0.0,
        "operatingExpenses": 427000000,
        "costAndExpenses": 835000000,
        "interestExpense": 28000000,
        "depreciationAndAmortization": 62000000,
        "ebitda": 1186000000,
        "ebitdaratio": 0.6054109239407861,
        "operatingIncome": 1124000000,
        "operatingIncomeRatio": 0.5737621235324145,
        "totalOtherIncomeExpensesNet": 17000000,
        "incomeBeforeTax": 1113000000,
        "incomeBeforeTaxRatio": 0.5681470137825421,
        "incomeTaxExpense": 401000000,
        "netIncome": 713000000,
        "netIncomeRatio": 0.36396120469627363,
        "eps": 0.2425,
        "epsdiluted": 0.24,
        "weightedAverageShsOut": 1888000000,
        "weightedAverageShsOutDil": 2968000000,
        "link": "https://www.sec.gov/Archives/edgar/data/1403161/000119312510102602/0001193125-10-102602-index.html",
        "finalLink": "https://www.sec.gov/Archives/edgar/data/1403161/000119312510102602/d10q.htm"
    },
    {
        "date": "2009-12-31",
        "symbol": "V",
        "reportedCurrency": "USD",
        "fillingDate": "2010-02-03 00:00:00",
        "acceptedDate": "2010-02-03 16:32:45",
        "period": "Q1",
        "revenue": 1960000000,
        "costOfRevenue": 379000000,
        "grossProfit": 1581000000,
        "grossProfitRatio": 0.8066326530612244,
        "researchAndDevelopmentExpenses": 0.0,
        "generalAndAdministrativeExpenses": 129000000,
        "sellingAndMarketingExpenses": 216000000,
        "otherExpenses": 0.0,
        "operatingExpenses": 407000000,
        "costAndExpenses": 786000000,
        "interestExpense": 16000000,
        "depreciationAndAmortization": 62000000,
        "ebitda": 1236000000,
        "ebitdaratio": 0.6306122448979592,
        "operatingIncome": 1174000000,
        "operatingIncomeRatio": 0.5989795918367347,
        "totalOtherIncomeExpensesNet": 50000000,
        "incomeBeforeTax": 1208000000,
        "incomeBeforeTaxRatio": 0.6163265306122448,
        "incomeTaxExpense": 445000000,
        "netIncome": 763000000,
        "netIncomeRatio": 0.3892857142857143,
        "eps": 0.2575,
        "epsdiluted": 0.255,
        "weightedAverageShsOut": 2960000000,
        "weightedAverageShsOutDil": 2980000000,
        "link": "https://www.sec.gov/Archives/edgar/data/1403161/000119312510020834/0001193125-10-020834-index.html",
        "finalLink": "https://www.sec.gov/Archives/edgar/data/1403161/000119312510020834/d10q.htm"
    },
    {
        "date": "2009-09-30",
        "symbol": "V",
        "reportedCurrency": "USD",
        "fillingDate": "2009-11-20 00:00:00",
        "acceptedDate": "2009-11-20 16:07:00",
        "period": "Q4",
        "revenue": 1879000000,
        "costOfRevenue": 445000000,
        "grossProfit": 1434000000,
        "grossProfitRatio": 0.7631718999467803,
        "researchAndDevelopmentExpenses": 0.0,
        "generalAndAdministrativeExpenses": 220000000,
        "sellingAndMarketingExpenses": 283000000,
        "otherExpenses": 0.0,
        "operatingExpenses": 564000000,
        "costAndExpenses": 1009000000,
        "interestExpense": 25000000,
        "depreciationAndAmortization": 61000000,
        "ebitda": 931000000,
        "ebitdaratio": 0.4954763171899947,
        "operatingIncome": 870000000,
        "operatingIncomeRatio": 0.4630122405534859,
        "totalOtherIncomeExpensesNet": 18000000,
        "incomeBeforeTax": 863000000,
        "incomeBeforeTaxRatio": 0.4592868547099521,
        "incomeTaxExpense": 349000000,
        "netIncome": 514000000,
        "netIncomeRatio": 0.27354976051091007,
        "eps": 0.17364864864864865,
        "epsdiluted": 0.17364864864864865,
        "weightedAverageShsOut": 2960000000,
        "weightedAverageShsOutDil": 2960000000,
        "link": "https://www.sec.gov/Archives/edgar/data/1403161/000119312509239249/0001193125-09-239249-index.html",
        "finalLink": "https://www.sec.gov/Archives/edgar/data/1403161/000119312509239249/d10k.htm"
    },
    {
        "date": "2009-06-30",
        "symbol": "V",
        "reportedCurrency": "USD",
        "fillingDate": "2009-07-30 00:00:00",
        "acceptedDate": "2009-07-30 17:05:49",
        "period": "Q3",
        "revenue": 1646000000,
        "costOfRevenue": 359000000,
        "grossProfit": 1287000000,
        "grossProfitRatio": 0.7818955042527339,
        "researchAndDevelopmentExpenses": 0.0,
        "generalAndAdministrativeExpenses": 178000000,
        "sellingAndMarketingExpenses": 229000000,
        "otherExpenses": 0.0,
        "operatingExpenses": 464000000,
        "costAndExpenses": 823000000,
        "interestExpense": 30000000,
        "depreciationAndAmortization": 57000000,
        "ebitda": 880000000,
        "ebitdaratio": 0.534629404617254,
        "operatingIncome": 823000000,
        "operatingIncomeRatio": 0.5,
        "totalOtherIncomeExpensesNet": 504000000,
        "incomeBeforeTax": 1297000000,
        "incomeBeforeTaxRatio": 0.7879708383961118,
        "incomeTaxExpense": 568000000,
        "netIncome": 729000000,
        "netIncomeRatio": 0.44289185905224787,
        "eps": 0.4068080357142857,
        "epsdiluted": 0.24107142857142858,
        "weightedAverageShsOut": 1792000000,
        "weightedAverageShsOutDil": 3024000000,
        "link": "https://www.sec.gov/Archives/edgar/data/1403161/000119312509159678/0001193125-09-159678-index.html",
        "finalLink": "https://www.sec.gov/Archives/edgar/data/1403161/000119312509159678/d10q.htm"
    },
    {
        "date": "2009-03-31",
        "symbol": "V",
        "reportedCurrency": "USD",
        "fillingDate": "2009-05-06 00:00:00",
        "acceptedDate": "2009-05-06 09:29:44",
        "period": "Q2",
        "revenue": 1647000000,
        "costOfRevenue": 364000000,
        "grossProfit": 1283000000,
        "grossProfitRatio": 0.7789921068609593,
        "researchAndDevelopmentExpenses": 0.0,
        "generalAndAdministrativeExpenses": 150000000,
        "sellingAndMarketingExpenses": 196000000,
        "otherExpenses": 0.0,
        "operatingExpenses": 402000000,
        "costAndExpenses": 766000000,
        "interestExpense": 30000000,
        "depreciationAndAmortization": 56000000,
        "ebitda": 937000000,
        "ebitdaratio": 0.5689131754705525,
        "operatingIncome": 881000000,
        "operatingIncomeRatio": 0.5349119611414693,
        "totalOtherIncomeExpensesNet": 36000000,
        "incomeBeforeTax": 887000000,
        "incomeBeforeTaxRatio": 0.5385549483910139,
        "incomeTaxExpense": 352000000,
        "netIncome": 536000000,
        "netIncomeRatio": 0.3254401942926533,
        "eps": 0.1775,
        "epsdiluted": 0.1775,
        "weightedAverageShsOut": 3012000000,
        "weightedAverageShsOutDil": 3012000000,
        "link": "https://www.sec.gov/Archives/edgar/data/1403161/000119312509100928/0001193125-09-100928-index.html",
        "finalLink": "https://www.sec.gov/Archives/edgar/data/1403161/000119312509100928/d10q.htm"
    },
    {
        "date": "2008-12-31",
        "symbol": "V",
        "reportedCurrency": "USD",
        "fillingDate": "2009-02-09 00:00:00",
        "acceptedDate": "2009-02-09 15:47:44",
        "period": "Q1",
        "revenue": 1739000000,
        "costOfRevenue": 368000000,
        "grossProfit": 1371000000,
        "grossProfitRatio": 0.7883841288096607,
        "researchAndDevelopmentExpenses": 0.0,
        "generalAndAdministrativeExpenses": 143000000,
        "sellingAndMarketingExpenses": 210000000,
        "otherExpenses": 0.0,
        "operatingExpenses": 405000000,
        "costAndExpenses": 773000000,
        "interestExpense": 30000000,
        "depreciationAndAmortization": 52000000,
        "ebitda": 1018000000,
        "ebitdaratio": 0.5853939045428407,
        "operatingIncome": 966000000,
        "operatingIncomeRatio": 0.5554916618746406,
        "totalOtherIncomeExpensesNet": 17000000,
        "incomeBeforeTax": 953000000,
        "incomeBeforeTaxRatio": 0.5480161012075906,
        "incomeTaxExpense": 379000000,
        "netIncome": 574000000,
        "netIncomeRatio": 0.3300747556066705,
        "eps": 0.17,
        "epsdiluted": 0.1225,
        "weightedAverageShsOut": 3372000000,
        "weightedAverageShsOutDil": 4676000000,
        "link": "https://www.sec.gov/Archives/edgar/data/1403161/000119312509022518/0001193125-09-022518-index.html",
        "finalLink": "https://www.sec.gov/Archives/edgar/data/1403161/000119312509022518/d10q.htm"
    },
    {
        "date": "2008-09-30",
        "symbol": "V",
        "reportedCurrency": "USD",
        "fillingDate": "2008-11-21 00:00:00",
        "acceptedDate": "2008-11-20 21:38:24",
        "period": "Q4",
        "revenue": 1709000000,
        "costOfRevenue": 411000000,
        "grossProfit": 1298000000,
        "grossProfitRatio": 0.7595084844938561,
        "researchAndDevelopmentExpenses": 0.0,
        "generalAndAdministrativeExpenses": 234000000,
        "sellingAndMarketingExpenses": 320000000,
        "otherExpenses": 0.0,
        "operatingExpenses": 271000000,
        "costAndExpenses": 682000000,
        "interestExpense": 0.0,
        "depreciationAndAmortization": -803000000,
        "ebitda": 224000000,
        "ebitdaratio": 0.13107080163838503,
        "operatingIncome": 1027000000,
        "operatingIncomeRatio": 0.6009362200117028,
        "totalOtherIncomeExpensesNet": -1089000000,
        "incomeBeforeTax": -431000000,
        "incomeBeforeTaxRatio": -0.2521942656524283,
        "incomeTaxExpense": -75000000,
        "netIncome": -356000000,
        "netIncomeRatio": -0.2083089526038619,
        "eps": -0.1055753262158956,
        "epsdiluted": -0.1055753262158956,
        "weightedAverageShsOut": 3372000000,
        "weightedAverageShsOutDil": 3372000000,
        "link": "https://www.sec.gov/Archives/edgar/data/1403161/000119312508240384/0001193125-08-240384-index.html",
        "finalLink": "https://www.sec.gov/Archives/edgar/data/1403161/000119312508240384/d10k.htm"
    },
    {
        "date": "2008-06-30",
        "symbol": "V",
        "reportedCurrency": "USD",
        "fillingDate": "2008-08-13 00:00:00",
        "acceptedDate": "2008-08-13 13:56:34",
        "period": "Q3",
        "revenue": 1613000000,
        "costOfRevenue": 394000000,
        "grossProfit": 1219000000,
        "grossProfitRatio": 0.7557346559206448,
        "researchAndDevelopmentExpenses": 0.0,
        "generalAndAdministrativeExpenses": 193000000,
        "sellingAndMarketingExpenses": 271000000,
        "otherExpenses": 0.0,
        "operatingExpenses": 571000000,
        "costAndExpenses": 965000000,
        "interestExpense": 0.0,
        "depreciationAndAmortization": 331000000,
        "ebitda": 979000000,
        "ebitdaratio": 0.6069435833849969,
        "operatingIncome": 648000000,
        "operatingIncomeRatio": 0.40173589584624925,
        "totalOtherIncomeExpensesNet": 46000000,
        "incomeBeforeTax": 714000000,
        "incomeBeforeTaxRatio": 0.4426534407935524,
        "incomeTaxExpense": 292000000,
        "netIncome": 422000000,
        "netIncomeRatio": 0.2616243025418475,
        "eps": 0.115,
        "epsdiluted": 0.085,
        "weightedAverageShsOut": 2975907500,
        "weightedAverageShsOutDil": 5013428000,
        "link": "https://www.sec.gov/Archives/edgar/data/1403161/000119312508176170/0001193125-08-176170-index.html",
        "finalLink": "https://www.sec.gov/Archives/edgar/data/1403161/000119312508176170/d10q.htm"
    },
    {
        "date": "2008-03-31",
        "symbol": "V",
        "reportedCurrency": "USD",
        "fillingDate": "2008-05-13 00:00:00",
        "acceptedDate": "2008-05-13 16:23:12",
        "period": "Q2",
        "revenue": 1453000000,
        "costOfRevenue": 367000000,
        "grossProfit": 1086000000,
        "grossProfitRatio": 0.7474191328286304,
        "researchAndDevelopmentExpenses": 0.0,
        "generalAndAdministrativeExpenses": 171000000,
        "sellingAndMarketingExpenses": 215000000,
        "otherExpenses": 0.0,
        "operatingExpenses": 737000000,
        "costAndExpenses": 1104000000,
        "interestExpense": 0.0,
        "depreciationAndAmortization": 396000000,
        "ebitda": 745000000,
        "ebitdaratio": 0.5127322780454233,
        "operatingIncome": 349000000,
        "operatingIncomeRatio": 0.2401927047487956,
        "totalOtherIncomeExpensesNet": -230000000,
        "incomeBeforeTax": 370000000,
        "incomeBeforeTaxRatio": 0.25464556090846524,
        "incomeTaxExpense": 56000000,
        "netIncome": 314000000,
        "netIncomeRatio": 0.21610461114934618,
        "eps": 0.09475,
        "epsdiluted": 0.051,
        "weightedAverageShsOut": 3309716000,
        "weightedAverageShsOutDil": 6165468000,
        "link": "https://www.sec.gov/Archives/edgar/data/1403161/000119312508113141/0001193125-08-113141-index.html",
        "finalLink": "https://www.sec.gov/Archives/edgar/data/1403161/000119312508113141/d10q.htm"
    },
    {
        "date": "2007-12-31",
        "symbol": "V",
        "reportedCurrency": "USD",
        "fillingDate": "2008-02-04",
        "acceptedDate": "2008-02-04 16:49:54",
        "period": "Q1",
        "revenue": 1488000000,
        "costOfRevenue": 416000000,
        "grossProfit": 1072000000,
        "grossProfitRatio": 0.7204301075268817,
        "researchAndDevelopmentExpenses": 0.0,
        "generalAndAdministrativeExpenses": 176000000,
        "sellingAndMarketingExpenses": 210000000,
        "otherExpenses": 0.0,
        "operatingExpenses": 386000000,
        "costAndExpenses": 802000000,
        "interestExpense": 0.0,
        "depreciationAndAmortization": 313000000,
        "ebitda": 999000000,
        "ebitdaratio": 0.6713709677419355,
        "operatingIncome": 686000000,
        "operatingIncomeRatio": 0.46102150537634407,
        "totalOtherIncomeExpensesNet": 1000000.0,
        "incomeBeforeTax": 683000000,
        "incomeBeforeTaxRatio": 0.459005376344086,
        "incomeTaxExpense": 259000000,
        "netIncome": 424000000,
        "netIncomeRatio": 0.2849462365591398,
        "eps": 0.1375,
        "epsdiluted": 0.1375,
        "weightedAverageShsOut": 3100322048,
        "weightedAverageShsOutDil": 3100322048,
        "link": "https://www.sec.gov/Archives/edgar/data/1403161/000119312508019208/d10q.htm",
        "finalLink": "https://www.sec.gov/Archives/edgar/data/1403161/000119312508019208/d10q.htm"
    },
    {
        "date": "2007-09-30",
        "symbol": "V",
        "reportedCurrency": "USD",
        "fillingDate": "2007-12-21 00:00:00",
        "acceptedDate": "2007-12-21 15:58:47",
        "period": "Q4",
        "revenue": 991045000,
        "costOfRevenue": 0.0,
        "grossProfit": 0.0,
        "grossProfitRatio": 0.0,
        "researchAndDevelopmentExpenses": 0.0,
        "generalAndAdministrativeExpenses": 172822000,
        "sellingAndMarketingExpenses": 174556000,
        "otherExpenses": 0.0,
        "operatingExpenses": 3354505000,
        "costAndExpenses": 3354505000,
        "interestExpense": 0.0,
        "depreciationAndAmortization": 270664000,
        "ebitda": -2092796000,
        "ebitdaratio": -2.111706330186823,
        "operatingIncome": -2363460000,
        "operatingIncomeRatio": -2.3848160275265,
        "totalOtherIncomeExpensesNet": 12050000,
        "incomeBeforeTax": -2351410000,
        "incomeBeforeTaxRatio": -2.3726571447310665,
        "incomeTaxExpense": -666848000,
        "netIncome": -1684575000,
        "netIncomeRatio": -1.6997966792627983,
        "eps": -0.5433548431159626,
        "epsdiluted": -0.5433548431159626,
        "weightedAverageShsOut": 3100322048,
        "weightedAverageShsOutDil": 3100322048,
        "link": "https://www.sec.gov/Archives/edgar/data/1403161/000119312507270394/0001193125-07-270394-index.html",
        "finalLink": "https://www.sec.gov/Archives/edgar/data/1403161/000119312507270394/d10k.htm"
    },
    {
        "date": "2007-06-30",
        "symbol": "V",
        "reportedCurrency": "USD",
        "fillingDate": "2007-06-30",
        "acceptedDate": "2007-06-30",
        "period": "Q3",
        "revenue": 941000000,
        "costOfRevenue": 0.0,
        "grossProfit": 0.0,
        "grossProfitRatio": 0.0,
        "researchAndDevelopmentExpenses": 0.0,
        "generalAndAdministrativeExpenses": 50000000,
        "sellingAndMarketingExpenses": 0.0,
        "otherExpenses": 0.0,
        "operatingExpenses": 607000000,
        "costAndExpenses": 607000000,
        "interestExpense": 20000000,
        "depreciationAndAmortization": 66067000,
        "ebitda": 400067000,
        "ebitdaratio": 0.4251509032943677,
        "operatingIncome": 334000000,
        "operatingIncomeRatio": 0.35494155154091395,
        "totalOtherIncomeExpensesNet": 39000000,
        "incomeBeforeTax": 353000000,
        "incomeBeforeTaxRatio": 0.3751328374070138,
        "incomeTaxExpense": 126000000,
        "netIncome": 223000000,
        "netIncomeRatio": 0.23698193411264612,
        "eps": 0.071935,
        "epsdiluted": 0.071935,
        "weightedAverageShsOut": 3100000000,
        "weightedAverageShsOutDil": 3100000000,
        "link": "",
        "finalLink": ""
    }
]